3456 5064
840 381 881 438 26

752 465 964 472 -----..

218 586 453 671 investigandi,
467 585 585 668 quibus
597 606 682 652 nuno
698 588 845 654 homines
858 589 946 654 docti
960 587 1137 670 excellunt,
1152 585 1279 668 antiqui
1289 587 1497 670 scholiastae,

195 725 196 728 ¹
223 703 441 788 grammatici,
466 703 667 785 interpretes
697 703 827 771 omnino
850 704 1006 787 propensi
1029 723 1094 770 non
1118 709 1223 769 eraut.
1282 701 1346 787 Qui
1370 703 1499 783 quidem

219 839 292 886 oum
328 839 390 885 nec
424 820 667 902 interpretandi
706 820 918 889 iudicandive
955 827 1027 888 arte
1065 839 1171 902 neque
1211 819 1351 886 aliarum
1389 839 1497 885 rerum

221 935 407 1020 cognitione
432 956 561 1018 semper
584 941 742 1018 quantum
761 957 842 1018 opus
866 945 955 1004 esset
970 939 1132 1020 valerent,
1158 955 1318 1018 persaepe
1334 937 1498 1001 nominum

219 1053 381 1118 clarorum
405 1052 552 1118 virorum
576 1052 806 1134 factorumque
830 1073 940 1119 eorum
954 1034 1091 1120 nullam
1115 1051 1275 1119 rationem
1301 1053 1498 1118 habueruut.

218 1167 373 1234 Haecin
397 1168 624 1250 quaestionem
648 1170 689 1236 de
704 1169 882 1236 Juvenalis
906 1189 991 1236 anno
1014 1168 1120 1236 natali
1145 1169 1264 1235 cadere
1289 1168 1497 1234 manifestum

219 1290 281 1350 est.
322 1281 414 1367 Quae
438 1284 597 1366 imprimis
614 1287 827 1366 comprobant
844 1287 980 1366 antiqua
996 1285 1021 1350 J
1024 1285 1175 1352 uvenalis
1200 1285 1334 1368 scholia,
1359 1283 1497 1364 primum

221 1420 242 1466 a
265 1398 432 1483 Cremera
457 1419 562 1481 nuper
591 1401 632 1466 ab
657 1401 782 1467 Jahnio
807 1401 907 1486 edita,
937 1403 1111 1484 inquibus
1135 1421 1177 1467 ne
1200 1399 1346 1483 vestigia
1370 1399 1500 1481 quidem

218 1515 382 1581 nominum
409 1515 531 1581 Fontei
570 1522 605 1581 et
625 1517 728 1582 Junci
759 1519 937 1600 consulum,
977 1537 1058 1600 quos
1097 1537 1197 1600 supra
1234 1515 1498 1598 memoravimus

218 1631 342 1697 insunt.
388 1631 496 1699 Vetus
525 1638 772 1716 commentator,
808 1655 878 1700 cum
908 1635 1033 1701 scholia
1062 1640 1272 1716 componeret
1303 1639 1370 1700 tam
1395 1652 1499 1714 aequo

219 1747 327 1814 animo
366 1749 448 1814 haec
485 1748 617 1814 uomina
652 1749 685 1814 iu
723 1749 837 1816 satiris
874 1752 996 1834 legisse
1034 1751 1175 1821 videtur,
1220 1769 1315 1832 quam
1356 1749 1385 1815 si
1422 1755 1500 1814 aute

220 1866 331 1932 oculos
355 1866 515 1947 quendam
542 1866 721 1951 Alledium,
758 1863 1015 1945 Peribomium¹i
1051 1867 1105 1936 vel
1135 1865 1283 1949 quemvis
1312 1865 1422 1948 alium,
1459 1865 1500 1930 de

222 1983 340 2063 quihus
375 1983 458 2049 nihil
497 1990 632 2065 praeter
669 1984 802 2050 nomina
838 1992 890 2051 est
928 1983 1097 2066 traditum,
1137 1984 1284 2049 haberet.
1347 1980 1501 2063 Apparet

220 2099 333 2182 igitur,
364 2118 425 2165 uec
449 2101 573 2166 satirae
597 2121 659 2167 nec
687 2102 813 2168 scholia
842 2101 1014 2184 quicquam
1039 2100 1131 2168 vitae
1161 2098 1290 2166 auctori
1314 2100 1357 2165 ad
1379 2117 1498 2165 annum

222 2220 342 2298 poetae
367 2217 511 2283 natalem
536 2217 754 2283 definiendum
785 2221 944 2299 praebere
979 2218 1134 2300 potuisse.
1193 2215 1305 2298 Ipsius
1341 2233 1500 2279 commen-

155 2332 159 2339 '
220 2332 341 2397 tatoris
365 2331 405 2396 de
433 2332 495 2398 hac
523 2353 560 2398 re
590 2331 873 2418 ratiocinationes
905 2333 933 2400 si
963 2336 1098 2400 verbum
1123 2331 1309 2414 „Ncronis“
1333 2329 1498 2412 posterius

219 2445 253 2512 in
279 2448 427 2532 margine
450 2449 652 2530 adscriptum
664 2445 690 2533 ²)
726 2449 884 2533 excipias,
921 2451 1000 2516 item
1026 2451 1082 2516 vix
1118 2447 1299 2516 audiendae
1331 2446 1498 2515 videntur.

220 2565 341 2645 Itaque
364 2570 481 2647 restat,
505 2571 543 2630 ut
565 2567 668 2633 verba
696 2567 908 2648 „temporibus
934 2565 1087 2632 Oiorrdr'i“
1111 2586 1129 2631 e
1153 2563 1293 2646 quodam
1315 2561 1499 2631 vetustiore

221 2678 322 2763 fonte,
348 2681 441 2746 cuius
464 2679 610 2764 vestigia
643 2682 676 2746 in
714 2683 862 2748 omnibus
897 2681 967 2748 fere
991 2683 1069 2748 vitis
1090 2683 1344 2765 perspiciuntur,
1380 2680 1499 2745 hausta

221 2795 412 2864 iudicemus.
461 2796 513 2862 Ac
537 2797 707 2864 donatuli
731 2798 860 2880 quidem
884 2799 909 2863 J
912 2799 1062 2866 uvenaiis
1086 2801 1255 2868 hactenus.

329 3062 352 3129 ¹)
379 3061 441 3114 Juv.
461 3062 518 3115 Sat.
538 3063 572 3132 ΙΙ,
591 3062 626 3114 16
645 3067 673 3115 et
692 3062 724 3131 V,
744 3062 785 3113 18.

328 3151 353 3218 ²)
380 3149 420 3204 cf.
440 3145 625 3221 Synnerberg,
643 3152 661 3203 1.
681 3153 698 3204 1.
718 3169 744 3222 p.
764 3152 878 3205 17-19.
