3456 5064
832 389 868 448 11

746 475 958 482 -ι--ῌ-ω-

322 575 479 678 Quintum
502 599 642 678 praebet
663 597 781 663 titulus
805 597 956 679 lapideus
977 595 1112 678 Aquini,
1128 596 1161 662 iu
1179 599 1289 679 patria
1305 598 1493 682 luvenalis

213 708 409 796 repert·us¹).
439 712 550 778 Huius
574 713 775 778 monumenti
798 713 893 778 fidem
918 713 1106 795 nuperrime
1128 713 1302 780 Strackius
1331 713 1365 778 in
1390 715 1495 795 suspi-

214 829 338 894 cionem
365 847 486 894 vocare
512 836 649 894 conatus
674 828 774 912 est).
822 830 871 894 At
898 829 1034 912 frustra,
1058 849 1130 895 cum
1153 849 1214 895 nec
1235 837 1430 914 argumenta
1453 832 1495 897 ad

214 964 305 1011 suam
329 945 527 1011 sententiam
552 945 826 1027 comprobandam
844 947 1005 1028 attulerit,
1031 967 1092 1012 nec
1116 965 1199 1028 quae
1224 947 1266 1012 ad
1282 946 1378 1012 huius
1403 947 1493 1014 tituli

213 1061 309 1126 fidem
353 1060 651 1142 auctoritatemque
694 1062 947 1127 confirmandam
985 1063 1026 1128 ab
1066 1061 1250 1128 hominibus
1291 1062 1495 1130 doctissimis

213 1179 345 1258 prolata
369 1182 474 1259 eraut,
499 1176 706 1245 refutaverit.

323 1293 453 1358 Sextum
476 1293 509 1358 in
541 1293 714 1360 notissimo
740 1293 948 1374 Apollinaris
976 1293 1102 1360 Sidonii
1126 1293 1208 1376 loco,
1239 1293 1293 1358 ubi
1319 1295 1496 1361 luvenalis

216 1411 317 1491 „arun
350 1409 517 1474 histrionis
552 1409 649 1474 eau.l“
683 1408 879 1492 nominatur,
916 1411 1071 1475 habemus
1080 1407 1117 1492 ³).
1176 1408 1277 1475 Cuius
1313 1410 1495 1476 testimonii

215 1526 391 1593 Strackius
426 1530 604 1607 propterea
638 1527 762 1592 nullam
797 1525 957 1592 rationem
995 1527 1124 1608 habuit,
1166 1527 1252 1606 quod
1289 1526 1496 1608 Apollinaris

217 1643 418 1724 temporibus
443 1642 577 1724 „fabula
601 1641 660 1708 illa
683 1642 724 1707 de
747 1642 772 1706 J
776 1643 925 1708 uvenalis
949 1643 1048 1708 exilio
1078 1642 1149 1707 siue
1173 1641 1271 1708 drrbio
1296 1643 1497 1724 pervulgata

219 1754 361 1838 erat“⁴).
421 1759 472 1824 At
506 1759 588 1824 haec
620 1759 862 1842 argumentatio
899 1778 963 1824 non
997 1760 1101 1824 solum
1132 1779 1263 1842 anceps
1300 1759 1357 1826 secl
1394 1759 1494 1825 etiam

218 1876 396 1941 temeraria
419 1874 514 1940 nobis
531 1874 673 1943 videtur.
715 1876 802 1940 Nam
827 1876 860 1941 ln
884 1895 920 1940 re
937 1881 1003 1942 tarn
1021 1878 1161 1942 obscura
1177 1881 1309 1956 tamque
1325 1875 1494 1959 intricata,

214 1997 253 2056 ut
281 1997 333 2056 est
361 1991 433 2058 vita
461 1991 650 2074 Iuvenalis,
684 1990 906 2073 diiudicanda,
938 2011 1071 2072 operam
1106 1997 1141 2058 et
1172 1991 1316 2058 studium
1356 2011 1419 2056 nou
1454 1993 1496 2057 ari

218 2105 423 2188 suspiciones
456 2107 525 2173 siue
550 2125 652 2173 causa
679 2107 798 2172 idonea
821 2107 1010 2189 movendas,
1045 2107 1101 2171 sed
1127 2108 1170 2172 ad
1194 2128 1251 2174 eas
1275 2127 1338 2188 res,
1368 2126 1496 2187 quaec

216 2242 294 2289 vero
319 2222 509 2303 discrepare
533 2242 595 2288 non
622 2222 808 2304 videantur,
834 2222 1039 2288 conferamus
1057 2229 1197 2304 oportet.
1238 2222 1358 2288 Dicam
1381 2223 1495 2308 igitur,

215 2338 288 2418 quid
313 2339 353 2404 de
377 2339 438 2402 lroc
461 2340 533 2404 loco
556 2337 763 2420 Apollinaris
785 2340 936 2404 seutiam.
981 2339 1158 2405 luvenalis
1182 2338 1318 2420 satirae,
1352 2345 1390 2405 ut
1414 2340 1496 2405 satis

216 2459 417 2535 compertum
443 2461 504 2534 est,
540 2455 616 2520 inde
652 2455 692 2520 ab
728 2453 835 2520 initiis
872 2453 970 2519 medii
1006 2453 1091 2534 quod
1116 2460 1238 2520 vocant
1273 2455 1348 2520 aevi
1372 2454 1495 2537 multis,

214 2571 373 2651 imprimis
402 2589 492 2652 vero,
523 2571 701 2652 monachis,
736 2571 923 2652 placebant,
954 2571 1008 2652 qui
1039 2590 1109 2636 cum
1143 2571 1348 2653 Iuvenalem,
1387 2570 1494 2637 veluti

216 2685 292 2752 fidei
316 2705 397 2752 suae
428 2686 624 2768 participem
660 2693 888 2769 agnoscerent,
925 2688 1059 2752 multum
1096 2705 1216 2769 operae
1245 2687 1278 2752 in
1308 2685 1402 2752 libris
1426 2687 1496 2753 eius

217 2803 366 2885 legendis
391 2799 640 2885 collocarunt⁵).
692 2803 755 2868 Oui
783 2803 831 2867 rei
860 2802 1068 2884 Apollinaris
1092 2801 1255 2884 Sidonius,
1292 2801 1497 2868 clarissimus

217 2917 446 2984 Arvernorum
482 2919 655 2999 episeopus
692 2916 781 2998 (nun.
816 2923 993 2982 473—484
1021 2938 1051 2999 p.
1087 2917 1189 3000 Cha),
1226 2938 1320 2998 quarn
1357 2919 1497 2985 maxime

218 3053 349 3114 operam
374 3033 485 3114 dabat,
515 3035 601 3114 quod
625 3033 708 3100 satis
737 3033 958 3098 imitationum
987 3033 1150 3116 vestigiis,
1192 3053 1274 3114 quae
1314 3034 1401 3114 apud
1424 3053 1497 3100 eum

219 3151 519 3232 deprehenduntur,
545 3150 750 3232 comprobari
774 3155 895 3231 potest.
936 3150 991 3216 Ita
1015 3149 1048 3214 in
1072 3149 1223 3230 epistolis
1247 3149 1316 3215 eins
1339 3149 1494 3230 legimus:

218 3267 309 3347 „Nos
327 3286 455 3348 quoque
469 3267 683 3332 subduximus
696 3267 822 3332 ferulae
834 3286 964 3332 manum
976 3264 1015 3348 ⁶);
1040 3267 1149 3332 Natus
1166 3265 1205 3329 ad
1220 3259 1495 3348 Euphratem“⁷);

218 3381 342 3464 „Satur
370 3389 431 3467 est,
458 3403 528 3449 curn
554 3383 633 3448 dicit
662 3383 825 3448 Horatius
850 3379 1016 3465 ‚,Ohe“⁸).
1074 3382 1154 3447 Jam
1182 3383 1209 3448 si
1243 3381 1496 3458 consideremus

218 3498 448 3580 Apollinarem
463 3500 544 3566 adeo
562 3499 706 3582 peritum
723 3499 933 3580 antiquitatis
950 3499 1196 3564 aestimatorem
1216 3498 1328 3580 fuisse,
1354 3503 1392 3562 ut
1407 3504 1498 3564 recte

216 3717 536 3725 ——m

325 3866 333 3897 ..—

377 3865 446 3917 Vide
465 3866 508 3916 ins
521 3907 527 3920 .

376 3955 418 4006 De
439 3954 533 4022 exilio,
550 3970 576 4022 p.
597 3951 711 4004 25-26.

376 4044 469 4113 Apoll.
489 4043 545 4095 sid.
566 4041 656 4095 Germ.
674 4043 722 4111 IX,
740 4039 890 4094 arr-276.

373 4133 414 4185 De
434 4133 528 4200 exilio,
546 4149 573 4201 p.
593 4130 635 4183 16.
674 4130 714 4184 Cf.
733 4148 759 4200 p.
778 4130 822 4184 33.

377 4220 417 4274 Cf.
436 4221 657 4290 Haeelrermauu,
677 4219 880 4273 Commentario
900 4221 927 4270 iu
947 4219 980 4270 D.
994 4217 1018 4270 J.
1032 4217 1175 4270 luvenalis
1195 4219 1305 4286 satiras,
1326 4215 1498 4284 Greilewald,

217 4311 285 4364 1867
305 4329 331 4382 p.
351 4311 377 4366 4.
396 4342 429 4350 —
451 4310 480 4364 O.
499 4311 543 4362 Fr.
562 4309 713 4380 Hermann,
732 4311 817 4379 praef.
837 4309 901 4361 edit.
921 4308 1065 4361 luvenalis
1086 4308 1218 4378 (Lipsiae,
1238 4305 1330 4374 1865),
1353 4322 1380 4376 p.
1399 4303 1498 4360 XVIII.

376 4402 426 4470 Ep.
446 4401 480 4469 ll,
500 4399 542 4454 10.
580 4399 746 4468 Juv.1,15.

376 4491 426 4559 Ep.
446 4489 506 4557 Vll,
526 4489 568 4540 17.
604 4487 785 4556 Juv.1,104.

379 4579 428 4649 Ep.
449 4577 565 4648 VI11‚9.
602 4577 665 4631 Juv.
685 4577 806 4648 V11,62.

322 3870 348 4289 ὃΦᾺΕ-θῶψ

323 4401 347 4557 δᾶ

325 4579 336 4611 A

335 4583 349 4646 ψ
