3456 5064
750 483 962 490 ---—-—

215 609 403 675 Probianae
432 606 524 676 vitae
554 607 672 674 falsum
706 605 855 674 iudicare
889 625 1024 673 necesse
1058 610 1157 671 esset.
1216 603 1280 670 Sed
1310 622 1384 670 cum
1415 604 1496 672 illud

217 723 423 806 comprobari
456 742 520 789 non
550 723 670 807 possit,
705 725 868 807 sequitur,
902 729 940 790 ut
971 723 1032 788 hoc
1064 721 1183 788 falsum
1217 721 1331 788 haberi
1365 723 1493 790 debeat.

217 841 372 923 Apparet
394 841 507 924 igitur,
531 860 573 907 ne
595 841 715 907 sisela
738 840 867 922 quidem
890 840 1058 906 Probiana
1082 840 1154 906 vita
1178 845 1336 922 exstaret,
1362 840 1497 906 exilium

216 963 335 1039 poetae
363 958 406 1024 ad
436 956 656 1040 octogesimus
679 957 770 1025 vitae
799 957 869 1024 eius
900 975 1003 1023 annos
1033 955 1151 1024 referri
1175 975 1271 1038 posse
1284 951 1316 1039 ¹).
1364 953 1495 1022 Nedum
1544 947 1549 957 ’

217 1075 292 1140 aliis
327 1074 407 1140 vitis
442 1073 674 1140 accedentibus
705 1073 892 1139 Probianae
925 1073 1015 1140 vitae
1048 1075 1151 1140 verba
1181 1072 1312 1138 defendi
1347 1078 1495 1154 possunt.

217 1189 548 1275 „Verumenimverm
580 1195 618 1255 ut
647 1190 832 1256 Hermanni
868 1190 978 1257 verbis
1012 1193 1102 1272 utar,
1135 1189 1268 1270 propius
1292 1189 1496 1256 intuentibus

217 1307 315 1373 facile
347 1308 535 1389 apparebit,
569 1307 659 1389 ipsas
689 1309 750 1373 has
778 1306 932 1372 notiones
960 1305 1108 1388 singulas
1138 1305 1212 1371 aliis
1243 1307 1417 1372 contrariis
1449 1307 1497 1372 ita

218 1425 352 1507 elevari,
377 1429 415 1488 ut
439 1424 467 1489 si
490 1443 603 1505 parem
628 1423 770 1490 omnium
794 1423 1028 1490 auctoritatem
1053 1423 1282 1505 statuerimus,
1315 1422 1397 1488 nihil
1420 1423 1497 1490 inde

217 1539 302 1604 certi
334 1538 491 1621 colligere
523 1541 633 1606 liceat.
681 1539 846 1606 Nimirum
878 1540 964 1621 quod
991 1539 1141 1621 vulgata,
1173 1539 1350 1621 Lipsiana,
1383 1539 1497 1606 Omni-

217 1655 373 1737 bumana,
407 1655 702 1738 Knlenlrampiana
725 1661 855 1737 poetam
880 1655 915 1721 in
939 1654 1038 1721 exilio
1063 1653 1246 1720 decessisse
1269 1655 1423 1737 tradunt,
1448 1674 1497 1720 re-

217 1778 367 1854 pugnant
390 1771 557 1840 Vossiana
580 1771 682 1837 Probi
706 1777 741 1837 et
762 1773 964 1856 Donatiana,
989 1791 1073 1852 quae
1097 1769 1198 1836 claris
1223 1772 1334 1837 verbis
1358 1772 1497 1838 Romam

217 1888 356 1954 rediisse
381 1888 538 1970 scribunt,
562 1906 668 1968 neque
692 1888 769 1954 illae
793 1887 886 1970 ipsae
918 1889 1008 1954 iuter
1031 1907 1067 1953 se
1091 1887 1310 1971 consentiunt,
1336 1888 1496 1968 siquidem

217 2012 287 2069 tres
325 2004 452 2085 priores
491 2004 605 2070 statim
642 2010 718 2086 post
748 2005 984 2088 relegationem
1023 2003 1204 2070 decessisse
1234 2004 1343 2087 aiunt,
1379 2010 1498 2084 quarta

217 2121 333 2186 diurno
359 2120 487 2186 demum
512 2119 611 2186 exilio
628 2119 764 2186 fatalem
782 2119 877 2186 finem
898 2121 1052 2201 imponit3
1077 2120 1217 2200 denique
1242 2121 1380 2202 vulgata
1396 2122 1498 2186 Probi

218 2241 253 2300 et
276 2237 469 2303 Donatiana
493 2236 738 2320 octogenarium
762 2236 958 2320 relegatum,
983 2235 1150 2304 Vossiana
1173 2243 1289 2302 contra
1312 2242 1347 2302 et
1369 2238 1497 2303 Kulen·

217 2352 397 2432 kampiuna
429 2353 531 2418 multo
560 2359 707 2434 tempore
736 2357 812 2434 post
841 2353 1078 2435 relegationem
1109 2352 1200 2419 senio
1229 2358 1390 2420 mortuum
1424 2372 1497 2419 esse

219 2464 425 2549 tradunt“²).
489 2468 581 2553 Quae
616 2488 688 2535 eum
728 2469 778 2535 ita
823 2468 904 2551 sint,
950 2469 1092 2534 libenter
1128 2469 1313 2552 Franekio‚
1353 2468 1497 2551 Synner-

217 2587 341 2669 bergio,
359 2586 523 2669 Stracki0‚
538 2585 713 2668 assentior,
738 2585 794 2666 qui
810 2586 913 2652 verba
929 2583 988 2649 illa
1005 2591 1063 2650 aut
1080 2584 1311 2668 „conclusione
1329 2585 1440 2666 aliqua
1463 2590 1499 2650 et

219 2698 481 2784 coniectura“')‚
518 2708 574 2767 aut
611 2719 692 2784 „pro
727 2700 796 2766 suis
831 2700 934 2781 ipsius
969 2700 1150 2766 ratiociniis
1186 2705 1311 2766 temere
1344 2720 1364 2766 a
1397 2700 1498 2781 scrip-

219 2822 291 2882 tore
322 2811 505 2900 posita“⁴)‚
537 2821 596 2882 aut
626 2815 765 2897 denique
796 2817 859 2900 „ab
888 2815 953 2882 alio
983 2835 1045 2897 quo
1069 2821 1184 2898 postea
1208 2816 1339 2882 adiecta
1363 2811 1497 2900 esse“⁵)

218 2937 427 2999 censuerunt.

324 3049 380 3115 Ad
405 3047 608 3132 Stampiui⁶)
639 3054 674 3115 et
697 3049 870 3116 Weidneri
882 3043 907 3130 ⁷)
938 3047 1152 3132 seutentiam,
1178 3048 1232 3130 qui
1256 3048 1496 3131 Heinricbium,

219 3165 427 3249 Teuffelium,
458 3166 675 3232 Ribbeckium
706 3165 811 3232 secuti
835 3165 1034 3232 Juvenalem
1065 3164 1122 3230 sub
1149 3165 1322 3230 Hadriano
1346 3166 1498 3230 exulasse

218 3278 475 3365 affirmarunt⁸)‚
514 3302 600 3348 nunc
639 3302 824 3367 pergamus.
893 3281 968 3366 Qua
1010 3283 1043 3348 in
1084 3283 1276 3363 quaestione
1315 3281 1499 3348 dirimenda

218 3425 376 3432 --———

325 4039 335 4072 Ἰ
367 4041 430 4094 dur.
450 4043 515 4112 Sat,
537 4043 649 4095 Einleit.
669 4047 682 4108 §
703 4042 736 4094 23
756 4047 784 4094 et
802 4041 845 4094 24.

325 4131 349 4199 ⁸)
369 4132 508 4202 Heinrich,
541 4131 602 4184 Juv.
629 4132 684 4188 Sat.
713 4133 747 4200 ΙΙ,
775 4131 875 4201 21,·0.
899 4131 1033 4200 Ribbeck,
1056 4130 1119 4184 derv.
1145 4131 1187 4184 ed.
1212 4135 1278 4184 ster.
1304 4149 1329 4201 p.
1354 4132 1413 4200 XII,
1442 4131 1498 4184 Der

219 4221 299 4274 echte
320 4222 375 4274 urard
395 4223 443 4275 der
462 4223 580 4274 uneelrte
602 4222 728 4293 Juvenal,
752 4241 778 4292 p.
803 4222 845 4292 69,
874 4223 987 4292 Teuffel,
1011 4222 1124 4275 Studien
1150 4221 1208 4275 urrrd
1233 4221 1498 4291 Charakteristilren‚

217 4329 243 4380 p.
263 4311 325 4380 412,
344 4328 359 4364 e
379 4313 478 4380 quibus
498 4312 686 4364 Heinrielrium
710 4328 823 4382 eosque,
849 4314 895 4380 qui
921 4316 985 4364 unte
1011 4328 1075 4364 eum
1100 4312 1216 4365 eandem
1242 4315 1409 4365 sententiam
1435 4314 1498 4364 tuiti

218 4406 305 4470 erant,
324 4402 457 4454 refutavit
475 4401 661 4470 Hermannus,
681 4402 723 4454 De
743 4407 793 4454 sat.
814 4406 884 4471 sept.
905 4406 989 4470 temp.
1009 4418 1034 4470 p.
1050 4401 1155 4453 18-19
1175 4402 1451 4471 alib.,Ribbeelriu1n
1471 4406 1498 4452 et

217 4490 381 4543 Teuffelium
401 4492 622 4561 Synnerbergius
642 4495 681 4561 (p.
702 4492 735 4543 73
755 4495 820 4560 sep),
844 4493 1020 4544 Meinertzius
1046 4492 1115 4557 (Zur
1139 4491 1231 4544 Kriuk
1260 4492 1315 4544 und
1340 4492 1498 4559 Erklbrung

218 4581 267 4632 der
286 4581 393 4634 Satiren
413 4582 462 4634 des
481 4581 633 4651 Juvenalis,
651 4599 678 4652 p.
698 4584 738 4652 5),
757 4582 900 4635 Struckius
920 4585 960 4652 (p.
979 4581 1023 4650 30,
1042 4581 1099 4648 32).
