<?xml version="1.0" encoding="UTF-8"?>
<!DOCTYPE html PUBLIC "-//W3C//DTD XHTML 1.0 Transitional//EN"
    "http://www.w3.org/TR/xhtml1/DTD/xhtml1-transitional.dtd">
<html xmlns="http://www.w3.org/1999/xhtml" xml:lang="en" lang="en">
 <head>
  <title>
</title>
<meta http-equiv="Content-Type" content="text/html;charset=utf-8" />
  <meta name='ocr-system' content='tesseract 3.04.00' />
  <meta name='ocr-capabilities' content='ocr_page ocr_carea ocr_par ocr_line ocrx_word'/>
</head>
<body>
  <div class='ocr_page' id='page_1' title='image "./dejuvenalisvita02nagugoog_0043.png"; bbox 0 0 3456 5064; ppageno 0'>
   <div class='ocr_carea' id='block_1_1' title="bbox 199 368 1566 2518">
    <p class='ocr_par' dir='ltr' id='par_1_1' title="bbox 199 368 1566 2518">
     <span class='ocr_line' id='line_1_1' title="bbox 734 368 947 458; baseline 0 0"><span class='ocrx_word' id='word_1_1' title='bbox 734 368 947 458; x_wconf 65' lang='grc' dir='ltr'>-υ-</span> 
     </span>
     <span class='ocr_line' id='line_1_2' title="bbox 201 569 1482 659; baseline 0.002 -21"><span class='ocrx_word' id='word_1_2' title='bbox 201 573 355 655; x_wconf 88' lang='lat' dir='ltr'>susprcio,</span> <span class='ocrx_word' id='word_1_3' title='bbox 381 573 479 638; x_wconf 89' lang='lat' dir='ltr'>rebus</span> <span class='ocrx_word' id='word_1_4' title='bbox 496 572 637 638; x_wconf 88' lang='lat' dir='ltr'>adaucta</span> <span class='ocrx_word' id='word_1_5' title='bbox 653 573 807 639; x_wconf 87' lang='lat' dir='ltr'>externis</span> <span class='ocrx_word' id='word_1_6' title='bbox 821 569 854 657; x_wconf 88' lang='lat'>¹),</span> <span class='ocrx_word' id='word_1_7' title='bbox 880 593 1006 640; x_wconf 88' lang='lat' dir='ltr'>omnem</span> <span class='ocrx_word' id='word_1_8' title='bbox 1029 593 1095 640; x_wconf 92' lang='lat' dir='ltr'>uon</span> <span class='ocrx_word' id='word_1_9' title='bbox 1111 575 1213 640; x_wconf 93' lang='lat' dir='ltr'>solum</span> <span class='ocrx_word' id='word_1_10' title='bbox 1236 573 1482 659; x_wconf 72' lang='lat' dir='ltr'>liberalitatem,</span> 
     </span>
     <span class='ocr_line' id='line_1_3' title="bbox 200 685 1483 774; baseline 0.002 -20"><span class='ocrx_word' id='word_1_11' title='bbox 200 690 257 755; x_wconf 91' lang='lat' dir='ltr'>sed</span> <span class='ocrx_word' id='word_1_12' title='bbox 289 689 389 756; x_wconf 90' lang='lat' dir='ltr'>ctiam</span> <span class='ocrx_word' id='word_1_13' title='bbox 420 689 654 755; x_wconf 81' lang='lat' dir='ltr'>abstinentiam</span> <span class='ocrx_word' id='word_1_14' title='bbox 684 688 718 755; x_wconf 95' lang='lat' dir='ltr'>in</span> <span class='ocrx_word' id='word_1_15' title='bbox 749 709 786 755; x_wconf 89' lang='lat' dir='ltr'>eo</span> <span class='ocrx_word' id='word_1_16' title='bbox 814 689 1009 772; x_wconf 91' lang='lat' dir='ltr'>compressit</span> <span class='ocrx_word' id='word_1_17' title='bbox 1019 685 1054 774; x_wconf 84' lang='lat'>²).</span> <span class='ocrx_word' id='word_1_18' title='bbox 1102 689 1256 756; x_wconf 86' lang='lat' dir='ltr'>Infeusus</span> <span class='ocrx_word' id='word_1_19' title='bbox 1290 691 1483 774; x_wconf 69' lang='lat' dir='ltr'>virtutibus</span> 
     </span>
     <span class='ocr_line' id='line_1_4' title="bbox 199 804 1483 890; baseline 0.002 -18"><span class='ocrx_word' id='word_1_20' title='bbox 199 806 342 888; x_wconf 91' lang='lat' dir='ltr'>invidus,</span> <span class='ocrx_word' id='word_1_21' title='bbox 367 811 488 873; x_wconf 87' lang='lat' dir='ltr'>natura</span> <span class='ocrx_word' id='word_1_22' title='bbox 511 825 671 888; x_wconf 89' lang='lat' dir='ltr'>praeceps</span> <span class='ocrx_word' id='word_1_23' title='bbox 695 805 728 872; x_wconf 93' lang='lat' dir='ltr'>in</span> <span class='ocrx_word' id='word_1_24' title='bbox 753 805 835 873; x_wconf 91' lang='lat' dir='ltr'>iram</span> <span class='ocrx_word' id='word_1_25' title='bbox 849 804 886 890; x_wconf 87' lang='lat'>³),</span> <span class='ocrx_word' id='word_1_26' title='bbox 912 806 1096 890; x_wconf 82' lang='lat' dir='ltr'>Caligulam</span> <span class='ocrx_word' id='word_1_27' title='bbox 1121 813 1154 873; x_wconf 88' lang='lat' dir='ltr'>et</span> <span class='ocrx_word' id='word_1_28' title='bbox 1177 809 1343 874; x_wconf 81' lang='lat' dir='ltr'>Neronem</span> <span class='ocrx_word' id='word_1_29' title='bbox 1371 809 1483 874; x_wconf 91' lang='lat' dir='ltr'>crude·</span> 
     </span>
     <span class='ocr_line' id='line_1_5' title="bbox 200 917 1481 1008; baseline 0.002 -20"><span class='ocrx_word' id='word_1_30' title='bbox 200 923 300 989; x_wconf 86' lang='lat' dir='ltr'>litate</span> <span class='ocrx_word' id='word_1_31' title='bbox 324 923 510 1005; x_wconf 89' lang='lat' dir='ltr'>superavit:</span> <span class='ocrx_word' id='word_1_32' title='bbox 545 923 595 988; x_wconf 92' lang='lat' dir='ltr'>illi</span> <span class='ocrx_word' id='word_1_33' title='bbox 619 924 704 990; x_wconf 90' lang='lat' dir='ltr'>enim</span> <span class='ocrx_word' id='word_1_34' title='bbox 729 923 924 991; x_wconf 84' lang='lat' dir='ltr'>saeviebant</span> <span class='ocrx_word' id='word_1_35' title='bbox 950 924 1048 1006; x_wconf 89' lang='lat' dir='ltr'>clam,</span> <span class='ocrx_word' id='word_1_36' title='bbox 1078 924 1133 989; x_wconf 91' lang='lat' dir='ltr'>hic</span> <span class='ocrx_word' id='word_1_37' title='bbox 1156 942 1234 990; x_wconf 89' lang='lat' dir='ltr'>vero</span> <span class='ocrx_word' id='word_1_38' title='bbox 1260 959 1300 968; x_wconf 95' lang='lat'>—</span> <span class='ocrx_word' id='word_1_39' title='bbox 1325 917 1481 1008; x_wconf 79' lang='lat' dir='ltr'>palam⁴).</span> 
     </span>
     <span class='ocr_line' id='line_1_6' title="bbox 201 1018 1482 1121; baseline 0.001 -16"><span class='ocrx_word' id='word_1_40' title='bbox 201 1018 327 1105; x_wconf 74' lang='lat' dir='ltr'>Contra</span> <span class='ocrx_word' id='word_1_41' title='bbox 352 1041 545 1120; x_wconf 85' lang='lat' dir='ltr'>pecuniosos</span> <span class='ocrx_word' id='word_1_42' title='bbox 570 1041 767 1121; x_wconf 82' lang='lat' dir='ltr'>optimisque</span> <span class='ocrx_word' id='word_1_43' title='bbox 791 1040 917 1106; x_wconf 90' lang='lat' dir='ltr'>artibus</span> <span class='ocrx_word' id='word_1_44' title='bbox 941 1045 976 1105; x_wconf 91' lang='lat' dir='ltr'>et</span> <span class='ocrx_word' id='word_1_45' title='bbox 999 1039 1151 1107; x_wconf 91' lang='lat' dir='ltr'>doctriua</span> <span class='ocrx_word' id='word_1_46' title='bbox 1175 1041 1324 1106; x_wconf 84' lang='lat' dir='ltr'>excultos</span> <span class='ocrx_word' id='word_1_47' title='bbox 1341 1041 1482 1106; x_wconf 89' lang='lat' dir='ltr'>maxime</span> 
     </span>
     <span class='ocr_line' id='line_1_7' title="bbox 200 1147 1483 1241; baseline 0.005 -21"><span class='ocrx_word' id='word_1_48' title='bbox 200 1155 387 1236; x_wconf 87' lang='lat' dir='ltr'>saeviebat;</span> <span class='ocrx_word' id='word_1_49' title='bbox 414 1175 494 1236; x_wconf 88' lang='lat' dir='ltr'>quos</span> <span class='ocrx_word' id='word_1_50' title='bbox 518 1157 573 1222; x_wconf 88' lang='lat' dir='ltr'>vel</span> <span class='ocrx_word' id='word_1_51' title='bbox 597 1156 770 1238; x_wconf 85' lang='lat' dir='ltr'>relegabat</span> <span class='ocrx_word' id='word_1_52' title='bbox 795 1157 850 1221; x_wconf 88' lang='lat' dir='ltr'>vel</span> <span class='ocrx_word' id='word_1_53' title='bbox 874 1155 995 1238; x_wconf 89' lang='lat' dir='ltr'>capitis</span> <span class='ocrx_word' id='word_1_54' title='bbox 1020 1147 1245 1240; x_wconf 73' lang='lat' dir='ltr'>damnabat5).</span> <span class='ocrx_word' id='word_1_55' title='bbox 1294 1157 1483 1241; x_wconf 64' lang='grc' dir='ltr'>,Δομιτιανὸς</span> 
     </span>
     <span class='ocr_line' id='line_1_8' title="bbox 200 1271 1481 1360; baseline 0.002 -24"><span class='ocrx_word' id='word_1_56' title='bbox 200 1274 232 1336; x_wconf 82' lang='grc' dir='ltr'>δὲ</span> <span class='ocrx_word' id='word_1_57' title='bbox 255 1271 289 1355; x_wconf 77' lang='grc' dir='ltr'>ἦν</span> <span class='ocrx_word' id='word_1_58' title='bbox 313 1274 365 1356; x_wconf 83' lang='grc' dir='ltr'>μὲν</span> <span class='ocrx_word' id='word_1_59' title='bbox 388 1275 436 1336; x_wconf 87' lang='grc' dir='ltr'>καὶ</span> <span class='ocrx_word' id='word_1_60' title='bbox 461 1273 569 1357; x_wconf 76' lang='grc' dir='ltr'>θρασὺς</span> <span class='ocrx_word' id='word_1_61' title='bbox 591 1275 639 1336; x_wconf 89' lang='grc' dir='ltr'>καὶ</span> <span class='ocrx_word' id='word_1_62' title='bbox 664 1274 788 1357; x_wconf 65' lang='grc' dir='ltr'>ὀργίλος,</span> <span class='ocrx_word' id='word_1_63' title='bbox 811 1272 846 1357; x_wconf 80' lang='grc' dir='ltr'>ἦν</span> <span class='ocrx_word' id='word_1_64' title='bbox 864 1275 959 1337; x_wconf 79' lang='grc' dir='ltr'>δὲκαὶ</span> <span class='ocrx_word' id='word_1_65' title='bbox 976 1274 1128 1359; x_wconf 77' lang='grc' dir='ltr'>ἐπίβουλος</span> <span class='ocrx_word' id='word_1_66' title='bbox 1150 1277 1198 1339; x_wconf 82' lang='grc' dir='ltr'>καί</span> <span class='ocrx_word' id='word_1_67' title='bbox 1220 1275 1381 1360; x_wconf 78' lang='grc' dir='ltr'>κρυψίνους,</span> <span class='ocrx_word' id='word_1_68' title='bbox 1406 1277 1481 1340; x_wconf 85' lang='grc' dir='ltr'>ὥστε</span> 
     </span>
     <span class='ocr_line' id='line_1_9' title="bbox 200 1386 1483 1477; baseline 0.002 -25"><span class='ocrx_word' id='word_1_69' title='bbox 200 1386 247 1474; x_wconf 80' lang='grc' dir='ltr'>ἀφ’</span> <span class='ocrx_word' id='word_1_70' title='bbox 275 1389 418 1473; x_wconf 80' lang='grc' dir='ltr'>ἑκατέρων</span> <span class='ocrx_word' id='word_1_71' title='bbox 441 1395 497 1453; x_wconf 85' lang='grc' dir='ltr'>τῶν</span> <span class='ocrx_word' id='word_1_72' title='bbox 522 1391 574 1473; x_wconf 85' lang='grc' dir='ltr'>μὲν</span> <span class='ocrx_word' id='word_1_73' title='bbox 597 1391 629 1452; x_wconf 77' lang='grc' dir='ltr'>τὸ</span> <span class='ocrx_word' id='word_1_74' title='bbox 653 1391 792 1474; x_wconf 81' lang='grc' dir='ltr'>προπετὲς</span> <span class='ocrx_word' id='word_1_75' title='bbox 813 1395 870 1454; x_wconf 82' lang='grc' dir='ltr'>τῶν</span> <span class='ocrx_word' id='word_1_76' title='bbox 899 1392 931 1454; x_wconf 78' lang='grc' dir='ltr'>δὲ</span> <span class='ocrx_word' id='word_1_77' title='bbox 953 1391 986 1454; x_wconf 75' lang='grc' dir='ltr'>τὸ</span> <span class='ocrx_word' id='word_1_78' title='bbox 1010 1391 1106 1455; x_wconf 79' lang='grc' dir='ltr'>δόλιον</span> <span class='ocrx_word' id='word_1_79' title='bbox 1130 1389 1218 1477; x_wconf 84' lang='grc' dir='ltr'>ἔχων,</span> <span class='ocrx_word' id='word_1_80' title='bbox 1246 1392 1342 1455; x_wconf 78' lang='grc' dir='ltr'>πολλὰ</span> <span class='ocrx_word' id='word_1_81' title='bbox 1365 1392 1417 1476; x_wconf 85' lang='grc' dir='ltr'>μὲν</span> <span class='ocrx_word' id='word_1_82' title='bbox 1441 1395 1483 1462; x_wconf 82' lang='grc' dir='ltr'>ὡς</span> 
     </span>
     <span class='ocr_line' id='line_1_10' title="bbox 201 1505 1482 1592; baseline 0.002 -24"><span class='ocrx_word' id='word_1_83' title='bbox 201 1506 325 1588; x_wconf 77' lang='grc' dir='ltr'>σκηπτὸς</span> <span class='ocrx_word' id='word_1_84' title='bbox 353 1505 442 1576; x_wconf 74' lang='grc' dir='ltr'>ὀξέως</span> <span class='ocrx_word' id='word_1_85' title='bbox 470 1507 613 1589; x_wconf 78' lang='grc' dir='ltr'>ἐμπίπτων</span> <span class='ocrx_word' id='word_1_86' title='bbox 648 1507 717 1569; x_wconf 81' lang='grc' dir='ltr'>τισὶν</span> <span class='ocrx_word' id='word_1_87' title='bbox 747 1507 931 1590; x_wconf 79' lang='grc' dir='ltr'>ἐλυμαίνετο,</span> <span class='ocrx_word' id='word_1_88' title='bbox 962 1507 1058 1571; x_wconf 84' lang='grc' dir='ltr'>πολλὰ</span> <span class='ocrx_word' id='word_1_89' title='bbox 1090 1509 1123 1571; x_wconf 81' lang='grc' dir='ltr'>δὲ</span> <span class='ocrx_word' id='word_1_90' title='bbox 1155 1509 1202 1572; x_wconf 86' lang='grc' dir='ltr'>καὶ</span> <span class='ocrx_word' id='word_1_91' title='bbox 1235 1509 1268 1571; x_wconf 87' lang='grc' dir='ltr'>ἐκ</span> <span class='ocrx_word' id='word_1_92' title='bbox 1297 1512 1482 1592; x_wconf 77' lang='grc' dir='ltr'>παρασκευῆς</span> 
     </span>
     <span class='ocr_line' id='line_1_11' title="bbox 200 1620 1480 1707; baseline 0.001 -21"><span class='ocrx_word' id='word_1_93' title='bbox 200 1623 391 1707; x_wconf 71' lang='grc' dir='ltr'>ἐκακούργει“</span> <span class='ocrx_word' id='word_1_94' title='bbox 404 1620 441 1706; x_wconf 78' lang='lat'>⁸).</span> <span class='ocrx_word' id='word_1_95' title='bbox 489 1623 590 1705; x_wconf 81' lang='lat' dir='ltr'>„Cum</span> <span class='ocrx_word' id='word_1_96' title='bbox 610 1622 703 1688; x_wconf 91' lang='lat' dir='ltr'>velut</span> <span class='ocrx_word' id='word_1_97' title='bbox 726 1623 834 1688; x_wconf 87' lang='lat' dir='ltr'>bestia</span> <span class='ocrx_word' id='word_1_98' title='bbox 850 1642 939 1704; x_wconf 90' lang='lat' dir='ltr'>speur</span> <span class='ocrx_word' id='word_1_99' title='bbox 958 1623 1094 1706; x_wconf 89' lang='lat' dir='ltr'>inclusa,</span> <span class='ocrx_word' id='word_1_100' title='bbox 1120 1641 1205 1688; x_wconf 92' lang='lat' dir='ltr'>nnuc</span> <span class='ocrx_word' id='word_1_101' title='bbox 1226 1623 1480 1705; x_wconf 89' lang='lat' dir='ltr'>propinquorum</span> 
     </span>
     <span class='ocr_line' id='line_1_12' title="bbox 200 1739 1480 1821; baseline 0.002 -18"><span class='ocrx_word' id='word_1_102' title='bbox 200 1739 390 1820; x_wconf 83' lang='lat' dir='ltr'>sanguinem</span> <span class='ocrx_word' id='word_1_103' title='bbox 430 1740 593 1805; x_wconf 88' lang='lat' dir='ltr'>lamberet</span> <span class='ocrx_word' id='word_1_104' title='bbox 630 1757 716 1804; x_wconf 90' lang='lat' dir='ltr'>nunc</span> <span class='ocrx_word' id='word_1_105' title='bbox 752 1759 787 1804; x_wconf 91' lang='lat' dir='ltr'>se</span> <span class='ocrx_word' id='word_1_106' title='bbox 822 1739 865 1804; x_wconf 89' lang='lat' dir='ltr'>ud</span> <span class='ocrx_word' id='word_1_107' title='bbox 900 1739 1157 1805; x_wconf 88' lang='lat' dir='ltr'>clarissimorum</span> <span class='ocrx_word' id='word_1_108' title='bbox 1192 1739 1312 1807; x_wconf 89' lang='lat' dir='ltr'>civium</span> <span class='ocrx_word' id='word_1_109' title='bbox 1349 1745 1480 1821; x_wconf 84' lang='lat' dir='ltr'>strages</span> 
     </span>
     <span class='ocr_line' id='line_1_13' title="bbox 200 1854 1481 1937; baseline 0.002 -17"><span class='ocrx_word' id='word_1_110' title='bbox 200 1854 383 1935; x_wconf 85' lang='lat' dir='ltr'>caedesque</span> <span class='ocrx_word' id='word_1_111' title='bbox 407 1855 581 1935; x_wconf 83' lang='lat' dir='ltr'>proferret.</span> <span class='ocrx_word' id='word_1_112' title='bbox 630 1854 903 1922; x_wconf 87' lang='lat' dir='ltr'>Obversabautur</span> <span class='ocrx_word' id='word_1_113' title='bbox 932 1855 1059 1920; x_wconf 88' lang='lat' dir='ltr'>foribus</span> <span class='ocrx_word' id='word_1_114' title='bbox 1091 1855 1208 1920; x_wconf 89' lang='lat' dir='ltr'>horror</span> <span class='ocrx_word' id='word_1_115' title='bbox 1231 1860 1265 1920; x_wconf 91' lang='lat' dir='ltr'>et</span> <span class='ocrx_word' id='word_1_116' title='bbox 1289 1854 1414 1937; x_wconf 90' lang='lat' dir='ltr'>minae,</span> <span class='ocrx_word' id='word_1_117' title='bbox 1446 1862 1481 1922; x_wconf 90' lang='lat' dir='ltr'>et</span> 
     </span>
     <span class='ocr_line' id='line_1_14' title="bbox 199 1961 1566 2052; baseline 0.001 -16"><span class='ocrx_word' id='word_1_118' title='bbox 199 1991 260 2051; x_wconf 89' lang='lat' dir='ltr'>par</span> <span class='ocrx_word' id='word_1_119' title='bbox 288 1982 395 2036; x_wconf 86' lang='lat' dir='ltr'>metus</span> <span class='ocrx_word' id='word_1_120' title='bbox 426 1971 580 2037; x_wconf 86' lang='lat' dir='ltr'>admissis</span> <span class='ocrx_word' id='word_1_121' title='bbox 610 1979 644 2036; x_wconf 91' lang='lat' dir='ltr'>et</span> <span class='ocrx_word' id='word_1_122' title='bbox 672 1971 823 2037; x_wconf 83' lang='lat' dir='ltr'>exclusis.</span> <span class='ocrx_word' id='word_1_123' title='bbox 876 1969 931 2035; x_wconf 82' lang='lat' dir='ltr'>An</span> <span class='ocrx_word' id='word_1_124' title='bbox 965 1971 1046 2036; x_wconf 88' lang='lat' dir='ltr'>haec</span> <span class='ocrx_word' id='word_1_125' title='bbox 1079 1969 1150 2052; x_wconf 92' lang='lat' dir='ltr'>ipse</span> <span class='ocrx_word' id='word_1_126' title='bbox 1181 1989 1306 2051; x_wconf 90' lang='lat' dir='ltr'>qnoque</span> <span class='ocrx_word' id='word_1_127' title='bbox 1339 1970 1479 2052; x_wconf 87' lang='lat' dir='ltr'>visuque</span> <span class='ocrx_word' id='word_1_128' title='bbox 1562 1961 1566 1970; x_wconf 73' lang='grc'><strong>“</strong></span> 
     </span>
     <span class='ocr_line' id='line_1_15' title="bbox 199 2084 1480 2169; baseline 0.002 -19"><span class='ocrx_word' id='word_1_129' title='bbox 199 2085 377 2151; x_wconf 90' lang='lat' dir='ltr'>terribilis:</span> <span class='ocrx_word' id='word_1_130' title='bbox 414 2087 567 2168; x_wconf 85' lang='lat' dir='ltr'>snperbia</span> <span class='ocrx_word' id='word_1_131' title='bbox 597 2085 632 2152; x_wconf 91' lang='lat' dir='ltr'>in</span> <span class='ocrx_word' id='word_1_132' title='bbox 666 2084 788 2169; x_wconf 79' lang='lat' dir='ltr'>fronte,</span> <span class='ocrx_word' id='word_1_133' title='bbox 823 2086 875 2152; x_wconf 90' lang='lat' dir='ltr'>ira</span> <span class='ocrx_word' id='word_1_134' title='bbox 903 2086 935 2151; x_wconf 94' lang='lat' dir='ltr'>in</span> <span class='ocrx_word' id='word_1_135' title='bbox 968 2085 1087 2168; x_wconf 91' lang='lat' dir='ltr'>oculis,</span> <span class='ocrx_word' id='word_1_136' title='bbox 1116 2085 1277 2152; x_wconf 88' lang='lat' dir='ltr'>femineus</span> <span class='ocrx_word' id='word_1_137' title='bbox 1308 2087 1415 2168; x_wconf 87' lang='lat' dir='ltr'>pallor</span> <span class='ocrx_word' id='word_1_138' title='bbox 1446 2086 1480 2154; x_wconf 93' lang='lat' dir='ltr'>in</span> 
     </span>
     <span class='ocr_line' id='line_1_16' title="bbox 200 2201 1479 2284; baseline 0.003 -18"><span class='ocrx_word' id='word_1_139' title='bbox 200 2221 346 2284; x_wconf 89' lang='lat' dir='ltr'>corpore,</span> <span class='ocrx_word' id='word_1_140' title='bbox 371 2203 404 2267; x_wconf 92' lang='lat' dir='ltr'>in</span> <span class='ocrx_word' id='word_1_141' title='bbox 429 2221 484 2268; x_wconf 91' lang='lat' dir='ltr'>ore</span> <span class='ocrx_word' id='word_1_142' title='bbox 508 2201 712 2284; x_wconf 89' lang='lat' dir='ltr'>impudentia</span> <span class='ocrx_word' id='word_1_143' title='bbox 728 2201 832 2267; x_wconf 95' lang='lat' dir='ltr'>multo</span> <span class='ocrx_word' id='word_1_144' title='bbox 854 2202 973 2267; x_wconf 90' lang='lat' dir='ltr'>rubore</span> <span class='ocrx_word' id='word_1_145' title='bbox 998 2202 1128 2269; x_wconf 86' lang='lat' dir='ltr'>suffusa.</span> <span class='ocrx_word' id='word_1_146' title='bbox 1176 2202 1253 2269; x_wconf 88' lang='lat' dir='ltr'>Non</span> <span class='ocrx_word' id='word_1_147' title='bbox 1277 2202 1368 2269; x_wconf 89' lang='lat' dir='ltr'>adire</span> <span class='ocrx_word' id='word_1_148' title='bbox 1393 2204 1479 2284; x_wconf 90' lang='lat' dir='ltr'>quis-</span> 
     </span>
     <span class='ocr_line' id='line_1_17' title="bbox 199 2317 1479 2402; baseline 0.003 -20"><span class='ocrx_word' id='word_1_149' title='bbox 199 2337 305 2400; x_wconf 90' lang='lat' dir='ltr'>quam,</span> <span class='ocrx_word' id='word_1_150' title='bbox 339 2337 403 2384; x_wconf 91' lang='lat' dir='ltr'>uon</span> <span class='ocrx_word' id='word_1_151' title='bbox 428 2318 550 2400; x_wconf 88' lang='lat' dir='ltr'>alloqui</span> <span class='ocrx_word' id='word_1_152' title='bbox 576 2317 731 2400; x_wconf 86' lang='lat' dir='ltr'>audebat,</span> <span class='ocrx_word' id='word_1_153' title='bbox 762 2320 916 2384; x_wconf 85' lang='lat' dir='ltr'>tenebras</span> <span class='ocrx_word' id='word_1_154' title='bbox 940 2337 1070 2399; x_wconf 86' lang='lat' dir='ltr'>semper</span> <span class='ocrx_word' id='word_1_155' title='bbox 1093 2323 1320 2400; x_wconf 89' lang='lat' dir='ltr'>secretumque</span> <span class='ocrx_word' id='word_1_156' title='bbox 1345 2326 1479 2402; x_wconf 89' lang='lat' dir='ltr'>captan-</span> 
     </span>
     <span class='ocr_line' id='line_1_18' title="bbox 200 2434 1480 2518; baseline 0.001 -18"><span class='ocrx_word' id='word_1_157' title='bbox 200 2441 277 2518; x_wconf 91' lang='lat' dir='ltr'>tem,</span> <span class='ocrx_word' id='word_1_158' title='bbox 303 2454 363 2501; x_wconf 92' lang='lat' dir='ltr'>nec</span> <span class='ocrx_word' id='word_1_159' title='bbox 388 2455 529 2516; x_wconf 88' lang='lat' dir='ltr'>uuquam</span> <span class='ocrx_word' id='word_1_160' title='bbox 547 2456 588 2502; x_wconf 88' lang='lat' dir='ltr'>ex</span> <span class='ocrx_word' id='word_1_161' title='bbox 612 2435 789 2502; x_wconf 88' lang='lat' dir='ltr'>solitudine</span> <span class='ocrx_word' id='word_1_162' title='bbox 807 2454 866 2501; x_wconf 89' lang='lat' dir='ltr'>sua</span> <span class='ocrx_word' id='word_1_163' title='bbox 887 2435 1114 2518; x_wconf 87' lang='lat' dir='ltr'>prodeuntem,</span> <span class='ocrx_word' id='word_1_164' title='bbox 1139 2434 1203 2501; x_wconf 90' lang='lat' dir='ltr'>nisi</span> <span class='ocrx_word' id='word_1_165' title='bbox 1219 2442 1256 2500; x_wconf 90' lang='lat' dir='ltr'>ut</span> <span class='ocrx_word' id='word_1_166' title='bbox 1271 2434 1480 2502; x_wconf 88' lang='lat' dir='ltr'>solitudinem</span> 
     </span>
    </p>
   </div>
   <div class='ocr_carea' id='block_1_2' title="bbox 198 2546 1478 2867">
    <p class='ocr_par' dir='ltr' id='par_1_2' title="bbox 198 2546 1478 2867">
     <span class='ocr_line' id='line_1_19' title="bbox 198 2546 1478 2636; baseline 0.002 -20"><span class='ocrx_word' id='word_1_167' title='bbox 198 2549 345 2618; x_wconf 83' lang='lat' dir='ltr'>taceret“</span> <span class='ocrx_word' id='word_1_168' title='bbox 357 2546 393 2636; x_wconf 85' lang='lat'>⁷).</span> <span class='ocrx_word' id='word_1_169' title='bbox 433 2551 488 2619; x_wconf 83' lang='lat' dir='ltr'>Sic</span> <span class='ocrx_word' id='word_1_170' title='bbox 505 2572 575 2618; x_wconf 91' lang='lat' dir='ltr'>cum</span> <span class='ocrx_word' id='word_1_171' title='bbox 594 2553 732 2636; x_wconf 84' lang='lat' dir='ltr'>viveret,</span> <span class='ocrx_word' id='word_1_172' title='bbox 759 2551 887 2617; x_wconf 89' lang='lat' dir='ltr'>domum</span> <span class='ocrx_word' id='word_1_173' title='bbox 905 2571 997 2618; x_wconf 89' lang='lat' dir='ltr'>suam</span> <span class='ocrx_word' id='word_1_174' title='bbox 1014 2551 1223 2618; x_wconf 88' lang='lat' dir='ltr'>multitudine</span> <span class='ocrx_word' id='word_1_175' title='bbox 1240 2551 1478 2636; x_wconf 89' lang='lat' dir='ltr'>libertinorum,</span> 
     </span>
     <span class='ocr_line' id='line_1_20' title="bbox 201 2667 1477 2755; baseline 0.002 -24"><span class='ocrx_word' id='word_1_176' title='bbox 201 2667 389 2755; x_wconf 87' lang='lat' dir='ltr'>amicorum,</span> <span class='ocrx_word' id='word_1_177' title='bbox 430 2669 626 2751; x_wconf 87' lang='lat' dir='ltr'>delatorum,</span> <span class='ocrx_word' id='word_1_178' title='bbox 665 2669 727 2734; x_wconf 87' lang='lat' dir='ltr'>hoc</span> <span class='ocrx_word' id='word_1_179' title='bbox 765 2669 930 2734; x_wconf 91' lang='lat' dir='ltr'>bominum</span> <span class='ocrx_word' id='word_1_180' title='bbox 968 2689 1089 2751; x_wconf 84' lang='lat' dir='ltr'>genere</span> <span class='ocrx_word' id='word_1_181' title='bbox 1128 2667 1353 2753; x_wconf 79' lang='lat' dir='ltr'>circumdedit,</span> <span class='ocrx_word' id='word_1_182' title='bbox 1394 2669 1477 2751; x_wconf 93' lang='lat' dir='ltr'>qnod</span> 
     </span>
     <span class='ocr_line' id='line_1_21' title="bbox 198 2781 1478 2867; baseline 0.002 -19"><span class='ocrx_word' id='word_1_183' title='bbox 198 2783 327 2862; x_wconf 90' lang='lat' dir='ltr'>publico</span> <span class='ocrx_word' id='word_1_184' title='bbox 385 2784 486 2848; x_wconf 81' lang='lat' dir='ltr'>exitio</span> <span class='ocrx_word' id='word_1_185' title='bbox 538 2789 705 2866; x_wconf 83' lang='lat' dir='ltr'>repertum</span> <span class='ocrx_word' id='word_1_186' title='bbox 762 2804 822 2866; x_wconf 87' lang='lat' dir='ltr'>per</span> <span class='ocrx_word' id='word_1_187' title='bbox 877 2784 1027 2865; x_wconf 91' lang='lat' dir='ltr'>praemia</span> <span class='ocrx_word' id='word_1_188' title='bbox 1072 2781 1314 2867; x_wconf 79' lang='lat' dir='ltr'>eliciebatur·⁸).</span> <span class='ocrx_word' id='word_1_189' title='bbox 1395 2785 1478 2851; x_wconf 78' lang='lat' dir='ltr'>Tum</span> 
     </span>
    </p>
   </div>
   <div class='ocr_carea' id='block_1_3' title="bbox 199 2907 303 2914">
    <p class='ocr_par' dir='ltr' id='par_1_3' title="bbox 199 2907 303 2914">
     <span class='ocr_line' id='line_1_22' title="bbox 199 2907 303 2914; baseline 0.01 -1"><span class='ocrx_word' id='word_1_190' title='bbox 199 2907 303 2914; x_wconf 74' lang='lat'>——.-</span> 
     </span>
    </p>
   </div>
   <div class='ocr_carea' id='block_1_4' title="bbox 196 2958 1539 4640">
    <p class='ocr_par' dir='ltr' id='par_1_4' title="bbox 306 2958 609 3028">
     <span class='ocr_line' id='line_1_23' title="bbox 306 2958 609 3028; baseline 0.003 -19"><span class='ocrx_word' id='word_1_191' title='bbox 306 2958 329 3024; x_wconf 88' lang='lat'>¹)</span> <span class='ocrx_word' id='word_1_192' title='bbox 355 2958 453 3027; x_wconf 82' lang='lat' dir='ltr'>Imhof,</span> <span class='ocrx_word' id='word_1_193' title='bbox 471 2975 497 3028; x_wconf 88' lang='lat' dir='ltr'>p.</span> <span class='ocrx_word' id='word_1_194' title='bbox 517 2959 551 3010; x_wconf 87' lang='grc'>38</span> <span class='ocrx_word' id='word_1_195' title='bbox 570 2974 609 3027; x_wconf 87' lang='lat' dir='ltr'>sq.</span> 
     </span>
    </p>

    <p class='ocr_par' dir='ltr' id='par_1_5' title="bbox 198 3047 1478 3207">
     <span class='ocr_line' id='line_1_24' title="bbox 305 3047 1478 3120; baseline 0.004 -22"><span class='ocrx_word' id='word_1_196' title='bbox 305 3048 329 3114; x_wconf 81' lang='lat'>²)</span> <span class='ocrx_word' id='word_1_197' title='bbox 357 3047 429 3099; x_wconf 87' lang='lat' dir='ltr'>Suet.</span> <span class='ocrx_word' id='word_1_198' title='bbox 449 3047 467 3099; x_wconf 90' lang='lat' dir='ltr'>l.</span> <span class='ocrx_word' id='word_1_199' title='bbox 492 3065 514 3100; x_wconf 88' lang='lat' dir='ltr'>c.</span> <span class='ocrx_word' id='word_1_200' title='bbox 540 3079 574 3088; x_wconf 87' lang='lat'><em>-</em></span> <span class='ocrx_word' id='word_1_201' title='bbox 598 3048 693 3118; x_wconf 89' lang='lat' dir='ltr'>Zeller,</span> <span class='ocrx_word' id='word_1_202' title='bbox 718 3049 768 3100; x_wconf 90' lang='lat' dir='ltr'>Les</span> <span class='ocrx_word' id='word_1_203' title='bbox 790 3063 947 3117; x_wconf 85' lang='lat' dir='ltr'>empereurs</span> <span class='ocrx_word' id='word_1_204' title='bbox 970 3049 1100 3119; x_wconf 89' lang='lat' dir='ltr'>romains,</span> <span class='ocrx_word' id='word_1_205' title='bbox 1125 3048 1273 3102; x_wconf 80' lang='lat' dir='ltr'>caracteres</span> <span class='ocrx_word' id='word_1_206' title='bbox 1297 3053 1324 3102; x_wconf 91' lang='lat' dir='ltr'>et</span> <span class='ocrx_word' id='word_1_207' title='bbox 1350 3052 1478 3120; x_wconf 83' lang='lat' dir='ltr'>pertraite</span> 
     </span>
     <span class='ocr_line' id='line_1_25' title="bbox 198 3135 812 3207; baseline 0.003 -20"><span class='ocrx_word' id='word_1_208' title='bbox 198 3135 371 3206; x_wconf 59' lang='lat' dir='ltr'>historiques</span> <span class='ocrx_word' id='word_1_209' title='bbox 390 3137 406 3188; x_wconf 88' lang='lat'><strong>3</strong></span> <span class='ocrx_word' id='word_1_210' title='bbox 426 3136 466 3188; x_wconf 75' lang='lat' dir='ltr'>dd.</span> <span class='ocrx_word' id='word_1_211' title='bbox 503 3139 589 3207; x_wconf 77' lang='lat' dir='ltr'>Paria,</span> <span class='ocrx_word' id='word_1_212' title='bbox 609 3137 687 3206; x_wconf 83' lang='lat'>1869,</span> <span class='ocrx_word' id='word_1_213' title='bbox 706 3155 731 3207; x_wconf 92' lang='lat' dir='ltr'>p.</span> <span class='ocrx_word' id='word_1_214' title='bbox 752 3137 812 3190; x_wconf 85' lang='lat'>190.</span> 
     </span>
    </p>

    <p class='ocr_par' dir='ltr' id='par_1_6' title="bbox 304 3224 756 3297">
     <span class='ocr_line' id='line_1_26' title="bbox 304 3224 756 3297; baseline 0.004 -19"><span class='ocrx_word' id='word_1_215' title='bbox 304 3224 328 3292; x_wconf 86' lang='lat'>³)</span> <span class='ocrx_word' id='word_1_216' title='bbox 356 3227 440 3279; x_wconf 86' lang='lat' dir='ltr'>Tacit.</span> <span class='ocrx_word' id='word_1_217' title='bbox 459 3227 527 3297; x_wconf 84' lang='lat' dir='ltr'>Agr.</span> <span class='ocrx_word' id='word_1_218' title='bbox 546 3243 568 3278; x_wconf 90' lang='lat' dir='ltr'>c.</span> <span class='ocrx_word' id='word_1_219' title='bbox 588 3226 631 3297; x_wconf 86' lang='lat'>39,</span> <span class='ocrx_word' id='word_1_220' title='bbox 650 3227 694 3297; x_wconf 86' lang='lat'>41,</span> <span class='ocrx_word' id='word_1_221' title='bbox 712 3227 756 3282; x_wconf 80' lang='lat'>42.</span> 
     </span>
    </p>

    <p class='ocr_par' dir='ltr' id='par_1_7' title="bbox 196 3314 1479 4015">
     <span class='ocr_line' id='line_1_27' title="bbox 303 3314 1478 3386; baseline 0.002 -18"><span class='ocrx_word' id='word_1_222' title='bbox 303 3314 329 3382; x_wconf 86' lang='lat'>⁴)</span> <span class='ocrx_word' id='word_1_223' title='bbox 357 3317 482 3386; x_wconf 88' lang='lat' dir='ltr'>Meiners,</span> <span class='ocrx_word' id='word_1_224' title='bbox 502 3316 658 3369; x_wconf 85' lang='lat' dir='ltr'>Gesohichte</span> <span class='ocrx_word' id='word_1_225' title='bbox 677 3317 723 3368; x_wconf 86' lang='lat' dir='ltr'>des</span> <span class='ocrx_word' id='word_1_226' title='bbox 742 3316 861 3369; x_wconf 74' lang='lat' dir='ltr'>Ver-falls</span> <span class='ocrx_word' id='word_1_227' title='bbox 884 3317 932 3368; x_wconf 88' lang='lat' dir='ltr'>der</span> <span class='ocrx_word' id='word_1_228' title='bbox 950 3317 1081 3386; x_wconf 69' lang='lat' dir='ltr'>Litterae,</span> <span class='ocrx_word' id='word_1_229' title='bbox 1105 3317 1153 3369; x_wconf 88' lang='lat' dir='ltr'>der</span> <span class='ocrx_word' id='word_1_230' title='bbox 1171 3317 1402 3371; x_wconf 84' lang='lat' dir='ltr'>Wisseusclmlten</span> <span class='ocrx_word' id='word_1_231' title='bbox 1421 3319 1478 3371; x_wconf 92' lang='lat' dir='ltr'>und</span> 
     </span>
     <span class='ocr_line' id='line_1_28' title="bbox 197 3405 1478 3478; baseline 0.004 -22"><span class='ocrx_word' id='word_1_232' title='bbox 197 3405 245 3457; x_wconf 91' lang='lat' dir='ltr'>der</span> <span class='ocrx_word' id='word_1_233' title='bbox 262 3405 379 3475; x_wconf 86' lang='lat' dir='ltr'>Sprnelre</span> <span class='ocrx_word' id='word_1_234' title='bbox 402 3407 450 3458; x_wconf 89' lang='lat' dir='ltr'>der</span> <span class='ocrx_word' id='word_1_235' title='bbox 473 3407 583 3476; x_wconf 78' lang='lat' dir='ltr'>Rbmer,</span> <span class='ocrx_word' id='word_1_236' title='bbox 602 3407 683 3458; x_wconf 89' lang='lat' dir='ltr'>Wieu</span> <span class='ocrx_word' id='word_1_237' title='bbox 708 3407 765 3458; x_wconf 91' lang='lat' dir='ltr'>und</span> <span class='ocrx_word' id='word_1_238' title='bbox 792 3408 910 3476; x_wconf 85' lang='lat' dir='ltr'>Leipzig,</span> <span class='ocrx_word' id='word_1_239' title='bbox 940 3407 1006 3458; x_wconf 88' lang='grc'><strong>1791</strong></span> <span class='ocrx_word' id='word_1_240' title='bbox 1030 3423 1056 3476; x_wconf 88' lang='lat' dir='ltr'>p.</span> <span class='ocrx_word' id='word_1_241' title='bbox 1081 3407 1129 3459; x_wconf 80' lang='lat'>84:</span> <span class='ocrx_word' id='word_1_242' title='bbox 1161 3406 1303 3478; x_wconf 82' lang='lat' dir='ltr'>,Caligula</span> <span class='ocrx_word' id='word_1_243' title='bbox 1325 3409 1381 3460; x_wconf 93' lang='lat' dir='ltr'>nud</span> <span class='ocrx_word' id='word_1_244' title='bbox 1406 3409 1478 3461; x_wconf 85' lang='lat' dir='ltr'>Nero</span> 
     </span>
     <span class='ocr_line' id='line_1_29' title="bbox 198 3495 1477 3566; baseline 0.003 -20"><span class='ocrx_word' id='word_1_245' title='bbox 198 3511 291 3547; x_wconf 86' lang='lat' dir='ltr'>waren</span> <span class='ocrx_word' id='word_1_246' title='bbox 317 3495 392 3547; x_wconf 87' lang='lat' dir='ltr'>nicht</span> <span class='ocrx_word' id='word_1_247' title='bbox 411 3497 532 3565; x_wconf 83' lang='lat' dir='ltr'>weniger</span> <span class='ocrx_word' id='word_1_248' title='bbox 556 3511 695 3566; x_wconf 81' lang='lat' dir='ltr'>graneam,</span> <span class='ocrx_word' id='word_1_249' title='bbox 720 3497 761 3548; x_wconf 85' lang='lat' dir='ltr'>als</span> <span class='ocrx_word' id='word_1_250' title='bbox 783 3497 934 3566; x_wconf 83' lang='lat' dir='ltr'>Domitian,</span> <span class='ocrx_word' id='word_1_251' title='bbox 959 3496 1043 3548; x_wconf 89' lang='lat' dir='ltr'>allelu</span> <span class='ocrx_word' id='word_1_252' title='bbox 1068 3498 1108 3548; x_wconf 88' lang='lat' dir='ltr'>sie</span> <span class='ocrx_word' id='word_1_253' title='bbox 1131 3512 1225 3549; x_wconf 89' lang='lat' dir='ltr'>waren</span> <span class='ocrx_word' id='word_1_254' title='bbox 1251 3499 1320 3550; x_wconf 77' lang='lat' dir='ltr'>offen</span> <span class='ocrx_word' id='word_1_255' title='bbox 1343 3500 1372 3549; x_wconf 93' lang='lat' dir='ltr'>in</span> <span class='ocrx_word' id='word_1_256' title='bbox 1398 3498 1477 3550; x_wconf 89' lang='lat' dir='ltr'>ibren</span> 
     </span>
     <span class='ocr_line' id='line_1_30' title="bbox 199 3583 1477 3658; baseline 0.003 -22"><span class='ocrx_word' id='word_1_257' title='bbox 199 3583 436 3655; x_wconf 78' lang='lat' dir='ltr'>Grerrsamlieiteu,</span> <span class='ocrx_word' id='word_1_258' title='bbox 464 3587 518 3637; x_wconf 91' lang='lat' dir='ltr'>wie</span> <span class='ocrx_word' id='word_1_259' title='bbox 546 3587 575 3637; x_wconf 91' lang='lat' dir='ltr'>in</span> <span class='ocrx_word' id='word_1_260' title='bbox 603 3586 682 3638; x_wconf 91' lang='lat' dir='ltr'>ihren</span> <span class='ocrx_word' id='word_1_261' title='bbox 708 3586 988 3656; x_wconf 79' lang='lat' dir='ltr'>Ausschweisnngen3</span> <span class='ocrx_word' id='word_1_262' title='bbox 1020 3587 1162 3639; x_wconf 89' lang='lat' dir='ltr'>Domitian</span> <span class='ocrx_word' id='word_1_263' title='bbox 1186 3587 1323 3658; x_wconf 85' lang='lat' dir='ltr'>hingegeu</span> <span class='ocrx_word' id='word_1_264' title='bbox 1347 3605 1406 3640; x_wconf 88' lang='lat' dir='ltr'>war</span> <span class='ocrx_word' id='word_1_265' title='bbox 1429 3605 1477 3640; x_wconf 93' lang='lat' dir='ltr'>um</span> 
     </span>
     <span class='ocr_line' id='line_1_31' title="bbox 199 3675 1479 3748; baseline 0.003 -22"><span class='ocrx_word' id='word_1_266' title='bbox 199 3675 273 3728; x_wconf 89' lang='lat' dir='ltr'>desto</span> <span class='ocrx_word' id='word_1_267' title='bbox 292 3675 464 3728; x_wconf 86' lang='lat' dir='ltr'>surchtburer</span> <span class='ocrx_word' id='word_1_268' title='bbox 482 3675 539 3727; x_wconf 90' lang='lat' dir='ltr'>und</span> <span class='ocrx_word' id='word_1_269' title='bbox 558 3676 663 3744; x_wconf 91' lang='lat' dir='ltr'>wilder,</span> <span class='ocrx_word' id='word_1_270' title='bbox 685 3678 712 3745; x_wconf 89' lang='lat' dir='ltr'>jc</span> <span class='ocrx_word' id='word_1_271' title='bbox 739 3675 924 3728; x_wconf 84' lang='lat' dir='ltr'>sreundlicher</span> <span class='ocrx_word' id='word_1_272' title='bbox 948 3691 978 3728; x_wconf 90' lang='lat' dir='ltr'>er</span> <span class='ocrx_word' id='word_1_273' title='bbox 1001 3676 1118 3728; x_wconf 80' lang='lat' dir='ltr'>schien.“</span> <span class='ocrx_word' id='word_1_274' title='bbox 1157 3677 1295 3746; x_wconf 86' lang='lat' dir='ltr'>Weidner,</span> <span class='ocrx_word' id='word_1_275' title='bbox 1318 3678 1352 3730; x_wconf 88' lang='lat' dir='ltr'>ud</span> <span class='ocrx_word' id='word_1_276' title='bbox 1370 3678 1479 3748; x_wconf 72' lang='lat' dir='ltr'>Juven,</span> 
     </span>
     <span class='ocr_line' id='line_1_32' title="bbox 197 3764 1478 3836; baseline 0.002 -20"><span class='ocrx_word' id='word_1_277' title='bbox 197 3781 223 3834; x_wconf 92' lang='lat' dir='ltr'>p.</span> <span class='ocrx_word' id='word_1_278' title='bbox 243 3764 290 3816; x_wconf 82' lang='lat'>95:</span> <span class='ocrx_word' id='word_1_279' title='bbox 320 3764 391 3831; x_wconf 86' lang='lat' dir='ltr'>„Der</span> <span class='ocrx_word' id='word_1_280' title='bbox 409 3765 488 3817; x_wconf 89' lang='lat' dir='ltr'>letzte</span> <span class='ocrx_word' id='word_1_281' title='bbox 513 3765 560 3816; x_wconf 90' lang='lat' dir='ltr'>der</span> <span class='ocrx_word' id='word_1_282' title='bbox 584 3766 692 3817; x_wconf 87' lang='lat' dir='ltr'>Flavier</span> <span class='ocrx_word' id='word_1_283' title='bbox 717 3781 776 3817; x_wconf 88' lang='lat' dir='ltr'>wer</span> <span class='ocrx_word' id='word_1_284' title='bbox 799 3768 843 3817; x_wconf 89' lang='lat' dir='ltr'>ein</span> <span class='ocrx_word' id='word_1_285' title='bbox 867 3765 977 3835; x_wconf 84' lang='lat' dir='ltr'>Feiger,</span> <span class='ocrx_word' id='word_1_286' title='bbox 1002 3765 1227 3836; x_wconf 86' lang='lat' dir='ltr'>lreuchlerischer,</span> <span class='ocrx_word' id='word_1_287' title='bbox 1250 3766 1478 3819; x_wconf 87' lang='lat' dir='ltr'>heimtiiekisclrer</span> 
     </span>
     <span class='ocr_line' id='line_1_33' title="bbox 196 3853 1478 3926; baseline 0.002 -20"><span class='ocrx_word' id='word_1_288' title='bbox 196 3853 356 3906; x_wconf 82' lang='lat' dir='ltr'>Bdsewicht.</span> <span class='ocrx_word' id='word_1_289' title='bbox 393 3853 479 3906; x_wconf 90' lang='lat' dir='ltr'>Unter</span> <span class='ocrx_word' id='word_1_290' title='bbox 497 3853 555 3906; x_wconf 87' lang='lat' dir='ltr'>ilrm</span> <span class='ocrx_word' id='word_1_291' title='bbox 574 3854 720 3923; x_wconf 85' lang='lat' dir='ltr'>herrsclrte,</span> <span class='ocrx_word' id='word_1_292' title='bbox 739 3857 792 3906; x_wconf 90' lang='lat' dir='ltr'>wie</span> <span class='ocrx_word' id='word_1_293' title='bbox 810 3855 919 3906; x_wconf 82' lang='lat' dir='ltr'>&#39;Pacilus</span> <span class='ocrx_word' id='word_1_294' title='bbox 938 3859 1005 3924; x_wconf 82' lang='lat' dir='ltr'>sagi,</span> <span class='ocrx_word' id='word_1_295' title='bbox 1024 3859 1157 3907; x_wconf 87' lang='lat' dir='ltr'>stammes</span> <span class='ocrx_word' id='word_1_296' title='bbox 1175 3854 1293 3925; x_wconf 87' lang='lat' dir='ltr'>Grauen,</span> <span class='ocrx_word' id='word_1_297' title='bbox 1312 3871 1342 3907; x_wconf 93' lang='lat' dir='ltr'>er</span> <span class='ocrx_word' id='word_1_298' title='bbox 1360 3857 1406 3926; x_wconf 84' lang='lat' dir='ltr'>lag</span> <span class='ocrx_word' id='word_1_299' title='bbox 1425 3859 1478 3909; x_wconf 90' lang='lat' dir='ltr'>wie</span> 
     </span>
     <span class='ocr_line' id='line_1_34' title="bbox 197 3943 1232 4015; baseline 0.003 -21"><span class='ocrx_word' id='word_1_300' title='bbox 197 3946 242 3994; x_wconf 91' lang='lat' dir='ltr'>ein</span> <span class='ocrx_word' id='word_1_301' title='bbox 260 3943 343 4012; x_wconf 82' lang='lat' dir='ltr'>&#39;Piger</span> <span class='ocrx_word' id='word_1_302' title='bbox 362 3943 872 4015; x_wconf 84' lang='lat' dir='ltr'>iibereinerlralber·wii1·gtenWelt.“</span> <span class='ocrx_word' id='word_1_303' title='bbox 892 3975 927 3983; x_wconf 94' lang='lat'>—-</span> <span class='ocrx_word' id='word_1_304' title='bbox 946 3945 1032 4015; x_wconf 86' lang='lat' dir='ltr'>Peter,</span> <span class='ocrx_word' id='word_1_305' title='bbox 1051 3945 1069 3998; x_wconf 93' lang='lat' dir='ltr'>l.</span> <span class='ocrx_word' id='word_1_306' title='bbox 1088 3945 1106 3996; x_wconf 93' lang='lat' dir='ltr'>l.</span> <span class='ocrx_word' id='word_1_307' title='bbox 1126 3962 1152 4014; x_wconf 91' lang='lat' dir='ltr'>p.</span> <span class='ocrx_word' id='word_1_308' title='bbox 1172 3945 1232 3997; x_wconf 81' lang='lat'>140.</span> 
     </span>
    </p>

    <p class='ocr_par' dir='ltr' id='par_1_8' title="bbox 305 4033 719 4100">
     <span class='ocr_line' id='line_1_35' title="bbox 305 4033 719 4100; baseline 0.002 -15"><span class='ocrx_word' id='word_1_309' title='bbox 305 4033 329 4100; x_wconf 71' lang='grc'>5)</span> <span class='ocrx_word' id='word_1_310' title='bbox 357 4033 719 4087; x_wconf 82' lang='lat' dir='ltr'>Cf.Suet.Dom.10-12.</span> 
     </span>
    </p>

    <p class='ocr_par' dir='ltr' id='par_1_9' title="bbox 305 4120 749 4192">
     <span class='ocr_line' id='line_1_36' title="bbox 305 4120 749 4192; baseline 0 -17"><span class='ocrx_word' id='word_1_311' title='bbox 305 4120 330 4190; x_wconf 65' lang='grc' dir='ltr'>ὓ)</span> <span class='ocrx_word' id='word_1_312' title='bbox 357 4123 410 4175; x_wconf 92' lang='lat' dir='ltr'>Dio</span> <span class='ocrx_word' id='word_1_313' title='bbox 429 4122 501 4175; x_wconf 83' lang='lat' dir='ltr'>Caes.</span> <span class='ocrx_word' id='word_1_314' title='bbox 520 4123 628 4192; x_wconf 85' lang='lat' dir='ltr'>LXVII,</span> <span class='ocrx_word' id='word_1_315' title='bbox 647 4123 671 4174; x_wconf 90' lang='lat'>1.</span> <span class='ocrx_word' id='word_1_316' title='bbox 691 4127 705 4188; x_wconf 64' lang='grc' dir='ltr'>ς</span> <span class='ocrx_word' id='word_1_317' title='bbox 724 4124 749 4175; x_wconf 91' lang='grc'>1.</span> 
     </span>
    </p>

    <p class='ocr_par' dir='ltr' id='par_1_10' title="bbox 305 4210 1022 4282">
     <span class='ocr_line' id='line_1_37' title="bbox 305 4210 1022 4282; baseline 0.001 -19"><span class='ocrx_word' id='word_1_318' title='bbox 305 4210 329 4279; x_wconf 81' lang='lat'>⁷)</span> <span class='ocrx_word' id='word_1_319' title='bbox 356 4213 436 4281; x_wconf 79' lang='lat' dir='ltr'>run,</span> <span class='ocrx_word' id='word_1_320' title='bbox 455 4213 556 4282; x_wconf 85' lang='lat' dir='ltr'>Paneg.</span> <span class='ocrx_word' id='word_1_321' title='bbox 575 4229 596 4264; x_wconf 89' lang='lat' dir='ltr'>c.</span> <span class='ocrx_word' id='word_1_322' title='bbox 616 4212 659 4264; x_wconf 85' lang='grc'>48.</span> <span class='ocrx_word' id='word_1_323' title='bbox 696 4212 736 4264; x_wconf 82' lang='lat' dir='ltr'>ef.</span> <span class='ocrx_word' id='word_1_324' title='bbox 756 4213 820 4264; x_wconf 91' lang='lat' dir='ltr'>ibid.</span> <span class='ocrx_word' id='word_1_325' title='bbox 841 4229 862 4265; x_wconf 94' lang='lat' dir='ltr'>c.</span> <span class='ocrx_word' id='word_1_326' title='bbox 881 4212 916 4264; x_wconf 88' lang='grc'>49</span> <span class='ocrx_word' id='word_1_327' title='bbox 935 4217 961 4264; x_wconf 89' lang='lat' dir='ltr'>et</span> <span class='ocrx_word' id='word_1_328' title='bbox 979 4213 1022 4265; x_wconf 80' lang='grc'>72.</span> 
     </span>
    </p>

    <p class='ocr_par' dir='ltr' id='par_1_11' title="bbox 197 4299 1539 4640">
     <span class='ocr_line' id='line_1_38' title="bbox 304 4299 1476 4372; baseline 0 -18"><span class='ocrx_word' id='word_1_329' title='bbox 304 4299 328 4368; x_wconf 83' lang='lat'>⁸)</span> <span class='ocrx_word' id='word_1_330' title='bbox 357 4301 396 4354; x_wconf 81' lang='lat' dir='ltr'>Of.</span> <span class='ocrx_word' id='word_1_331' title='bbox 415 4301 477 4354; x_wconf 84' lang='lat' dir='ltr'>Tac.</span> <span class='ocrx_word' id='word_1_332' title='bbox 497 4301 581 4370; x_wconf 71' lang='lat' dir='ltr'>Anu,</span> <span class='ocrx_word' id='word_1_333' title='bbox 600 4302 646 4370; x_wconf 89' lang='lat' dir='ltr'>lV,</span> <span class='ocrx_word' id='word_1_334' title='bbox 665 4302 708 4353; x_wconf 87' lang='lat'>30.</span> <span class='ocrx_word' id='word_1_335' title='bbox 729 4333 763 4341; x_wconf 88' lang='lat'>—</span> <span class='ocrx_word' id='word_1_336' title='bbox 781 4302 876 4372; x_wconf 88' lang='lat' dir='ltr'>Zeller,</span> <span class='ocrx_word' id='word_1_337' title='bbox 900 4302 918 4354; x_wconf 93' lang='lat' dir='ltr'>l.</span> <span class='ocrx_word' id='word_1_338' title='bbox 943 4302 961 4354; x_wconf 97' lang='lat' dir='ltr'>l.</span> <span class='ocrx_word' id='word_1_339' title='bbox 980 4319 1006 4372; x_wconf 85' lang='lat' dir='ltr'>p.</span> <span class='ocrx_word' id='word_1_340' title='bbox 1031 4302 1097 4355; x_wconf 90' lang='lat'>195:</span> <span class='ocrx_word' id='word_1_341' title='bbox 1129 4303 1189 4369; x_wconf 89' lang='lat' dir='ltr'>„Un</span> <span class='ocrx_word' id='word_1_342' title='bbox 1213 4301 1309 4355; x_wconf 73' lang='lat' dir='ltr'>reseau</span> <span class='ocrx_word' id='word_1_343' title='bbox 1333 4301 1476 4372; x_wconf 77' lang='lat' dir='ltr'>d&#39;dspious,</span> 
     </span>
     <span class='ocr_line' id='line_1_39' title="bbox 197 4390 1474 4460; baseline 0 -18"><span class='ocrx_word' id='word_1_344' title='bbox 197 4391 263 4444; x_wconf 91' lang='lat' dir='ltr'>dont</span> <span class='ocrx_word' id='word_1_345' title='bbox 281 4391 321 4442; x_wconf 91' lang='lat' dir='ltr'>les</span> <span class='ocrx_word' id='word_1_346' title='bbox 339 4390 475 4442; x_wconf 75' lang='lat' dir='ltr'>delnteurs</span> <span class='ocrx_word' id='word_1_347' title='bbox 499 4391 531 4442; x_wconf 91' lang='lat' dir='ltr'>de</span> <span class='ocrx_word' id='word_1_348' title='bbox 554 4391 581 4442; x_wconf 90' lang='lat' dir='ltr'>la</span> <span class='ocrx_word' id='word_1_349' title='bbox 605 4407 671 4443; x_wconf 87' lang='lat' dir='ltr'>cour</span> <span class='ocrx_word' id='word_1_350' title='bbox 690 4393 809 4442; x_wconf 87' lang='lat' dir='ltr'>teuaieut</span> <span class='ocrx_word' id='word_1_351' title='bbox 827 4391 866 4442; x_wconf 90' lang='lat' dir='ltr'>les</span> <span class='ocrx_word' id='word_1_352' title='bbox 891 4390 945 4460; x_wconf 86' lang='lat' dir='ltr'>fils,</span> <span class='ocrx_word' id='word_1_353' title='bbox 969 4393 1076 4444; x_wconf 91' lang='lat' dir='ltr'>couvrit</span> <span class='ocrx_word' id='word_1_354' title='bbox 1099 4392 1186 4444; x_wconf 84' lang='lat' dir='ltr'>Rome</span> <span class='ocrx_word' id='word_1_355' title='bbox 1210 4395 1236 4443; x_wconf 90' lang='lat' dir='ltr'>et</span> <span class='ocrx_word' id='word_1_356' title='bbox 1260 4396 1319 4444; x_wconf 89' lang='lat' dir='ltr'>tout</span> <span class='ocrx_word' id='word_1_357' title='bbox 1342 4391 1474 4460; x_wconf 85' lang='lat' dir='ltr'>l&#39;empire.</span> 
     </span>
     <span class='ocr_line' id='line_1_40' title="bbox 197 4479 1539 4550; baseline 0 -18"><span class='ocrx_word' id='word_1_358' title='bbox 197 4479 239 4532; x_wconf 91' lang='lat' dir='ltr'>On</span> <span class='ocrx_word' id='word_1_359' title='bbox 258 4481 298 4531; x_wconf 93' lang='lat' dir='ltr'>vit</span> <span class='ocrx_word' id='word_1_360' title='bbox 315 4480 388 4532; x_wconf 85' lang='lat' dir='ltr'>alors</span> <span class='ocrx_word' id='word_1_361' title='bbox 405 4480 445 4532; x_wconf 89' lang='lat' dir='ltr'>les</span> <span class='ocrx_word' id='word_1_362' title='bbox 463 4479 596 4533; x_wconf 75' lang='lat' dir='ltr'>deletione</span> <span class='ocrx_word' id='word_1_363' title='bbox 614 4484 641 4531; x_wconf 89' lang='lat' dir='ltr'>et</span> <span class='ocrx_word' id='word_1_364' title='bbox 658 4481 697 4532; x_wconf 87' lang='lat' dir='ltr'>les</span> <span class='ocrx_word' id='word_1_365' title='bbox 715 4481 939 4533; x_wconf 86' lang='lat' dir='ltr'>condemnatione</span> <span class='ocrx_word' id='word_1_366' title='bbox 957 4495 985 4532; x_wconf 90' lang='lat' dir='ltr'>se</span> <span class='ocrx_word' id='word_1_367' title='bbox 1004 4480 1155 4550; x_wconf 87' lang='lat' dir='ltr'>multiplier</span> <span class='ocrx_word' id='word_1_368' title='bbox 1173 4496 1279 4533; x_wconf 89' lang='lat' dir='ltr'>comme</span> <span class='ocrx_word' id='word_1_369' title='bbox 1296 4496 1360 4533; x_wconf 89' lang='lat' dir='ltr'>eous</span> <span class='ocrx_word' id='word_1_370' title='bbox 1376 4480 1473 4534; x_wconf 74' lang='lat' dir='ltr'>&#39;iibere</span> <span class='ocrx_word' id='word_1_371' title='bbox 1534 4515 1539 4522; x_wconf 86' lang='lat'><em>·</em></span> 
     </span>
     <span class='ocr_line' id='line_1_41' title="bbox 199 4569 1423 4640; baseline -0.002 -18"><span class='ocrx_word' id='word_1_372' title='bbox 199 4575 226 4622; x_wconf 90' lang='lat' dir='ltr'>et</span> <span class='ocrx_word' id='word_1_373' title='bbox 243 4569 343 4640; x_wconf 74' lang='lat' dir='ltr'>Neron,</span> <span class='ocrx_word' id='word_1_374' title='bbox 363 4570 431 4621; x_wconf 88' lang='lat' dir='ltr'>daus</span> <span class='ocrx_word' id='word_1_375' title='bbox 449 4569 489 4621; x_wconf 87' lang='lat' dir='ltr'>les</span> <span class='ocrx_word' id='word_1_376' title='bbox 507 4571 650 4639; x_wconf 87' lang='lat' dir='ltr'>provinces</span> <span class='ocrx_word' id='word_1_377' title='bbox 668 4585 773 4623; x_wconf 88' lang='lat' dir='ltr'>comme</span> <span class='ocrx_word' id='word_1_378' title='bbox 791 4569 808 4621; x_wconf 74' lang='lat' dir='ltr'>a</span> <span class='ocrx_word' id='word_1_379' title='bbox 826 4571 937 4622; x_wconf 85' lang='lat' dir='ltr'>Rome.“</span> <span class='ocrx_word' id='word_1_380' title='bbox 957 4600 991 4608; x_wconf 82' lang='lat'>-</span> <span class='ocrx_word' id='word_1_381' title='bbox 1010 4569 1107 4639; x_wconf 87' lang='lat' dir='ltr'>Imhof,</span> <span class='ocrx_word' id='word_1_382' title='bbox 1126 4569 1143 4621; x_wconf 92' lang='lat' dir='ltr'>l.</span> <span class='ocrx_word' id='word_1_383' title='bbox 1163 4569 1181 4620; x_wconf 94' lang='lat' dir='ltr'>l.</span> <span class='ocrx_word' id='word_1_384' title='bbox 1200 4585 1227 4638; x_wconf 90' lang='lat' dir='ltr'>p.</span> <span class='ocrx_word' id='word_1_385' title='bbox 1247 4569 1299 4620; x_wconf 87' lang='grc'>112</span> <span class='ocrx_word' id='word_1_386' title='bbox 1317 4569 1423 4621; x_wconf 78' lang='lat' dir='ltr'>et127.</span> 
     </span>
    </p>
   </div>
   <div class='ocr_carea' id='block_1_5' title="bbox 0 0 1732 5064">
    <p class='ocr_par' dir='ltr' id='par_1_12' title="bbox 0 0 1732 5064">
     <span class='ocr_line' id='line_1_42' title="bbox 0 0 1732 5064; baseline 0 1"><span class='ocrx_word' id='word_1_387' title='bbox 0 0 1732 5064; x_wconf 95' lang='lat' dir='ltr'> </span> 
     </span>
    </p>
   </div>
  </div>
 </body>
</html>
