3456 5064
771 1573 887 1648 VI.

368 1783 546 1897 Breuis
584 1783 723 1898 ritas
761 1784 1013 1897 iuvenalis
1051 1785 1302 1928 synopsis.

754 2033 913 2048 MVVVW

301 2189 368 2256 His
391 2189 552 2272 expositis
575 2190 641 2256 iam
657 2189 698 2256 ad
718 2192 814 2256 linem
838 2189 1016 2270 perductas
1040 2201 1118 2272 puto
1143 2191 1184 2256 de
1199 2190 1379 2262 Juvenulis
1403 2191 1475 2259 vitu

192 2305 455 2373 observationes.
501 2306 676 2388 Reliquum
710 2315 776 2388 est,
807 2313 844 2372 ut
871 2305 997 2372 sudditis
1026 2305 1224 2374 necessariis
1248 2307 1376 2388 aliquot
1399 2327 1473 2390 sup·

192 2423 370 2505 plemeutis
385 2424 470 2489 hanc
486 2425 619 2489 brevem
644 2423 734 2490 vitae
746 2423 923 2490 Juvenalis
940 2423 1096 2505 synopsin
1112 2441 1276 2505 exponere
1304 2443 1472 2492 conemur:

303 2543 367 2623 ‚‚D.
392 2539 515 2607 Junius
543 2539 721 2608 Juvenalis
733 2536 771 2624 ¹),
800 2539 948 2606 libertini
978 2537 1155 2621 locupletis
1178 2539 1353 2622 incertum,
1387 2540 1474 2607 filius

194 2677 239 2722 an
263 2657 428 2739 alumnum,
454 2652 630 2740 Aquini²)‚
663 2656 697 2723 iu
729 2656 849 2739 oppido
873 2656 1084 2738 Volscorum,
1118 2656 1319 2737 temporibus
1343 2656 1474 2724 Claudii

193 2773 406 2855 imperatoris
441 2771 531 2839 circa
566 2792 639 2840 ann.
674 2775 816 2843 XLVII
850 2780 950 2840 nntius
985 2779 1045 2840 est.
1104 2773 1186 2840 Cum
1221 2794 1262 2839 ex
1281 2774 1475 2857 municipio

194 2893 334 2957 Romam
359 2909 394 2955 se
419 2888 613 2956 contulisset
629 2895 663 2956 et
679 2890 721 2956 ad
744 2889 941 2974 dignitatem
965 2890 1128 2970 equestris
1152 2889 1276 2956 ordinis
1300 2890 1475 2972 pervenire

195 3025 257 3072 sua
279 3005 404 3072 virtute
438 3006 627 3088 meruisset,
663 3007 706 3072 ad
738 3006 877 3072 mediam
913 3007 983 3073 fere
1013 3012 1159 3072 aetatem
1188 3006 1388 3075 declamavit
1410 3027 1475 3074 uon

195 3120 353 3186 mediocri
376 3121 474 3205 fama,
499 3122 556 3188 sed
581 3123 681 3189 animi
705 3122 811 3202 magis
835 3142 945 3206 canosa,
971 3142 1067 3204 quam
1092 3123 1178 3204 quod
1202 3123 1334 3190 scholae
1358 3143 1394 3191 se
1418 3131 1477 3190 aut

195 3237 268 3303 foro
302 3245 529 3320 praepararet.
581 3238 683 3305 initio
717 3239 903 3306 Domitiani
941 3240 1148 3322 principatus
1183 3241 1225 3307 ad
1257 3239 1410 3322 poeticen
1440 3260 1476 3307 se

197 3353 383 3436 applicavit
407 3361 441 3420 et
463 3354 497 3420 in
521 3355 676 3422 Paridem
703 3357 950 3439 pantomimum,
976 3357 1087 3438 quiin
1112 3355 1241 3423 deliciis
1265 3357 1352 3438 apud
1376 3356 1476 3440 impe·

197 3479 340 3536 retorem
366 3472 562 3555 habebatur,
592 3491 708 3539 versus
733 3473 888 3554 quosdam
912 3492 976 3538 nou
1000 3474 1142 3540 absurde
1176 3473 1372 3555 composuit,
1398 3492 1477 3553 quos

198 3587 316 3654 deinde
332 3588 474 3654 inseruit
489 3588 523 3654 iu
540 3609 611 3655 eam
628 3589 778 3656 satiram:
805 3590 874 3672 „ut
893 3608 969 3670 spes
991 3596 1025 3655 et
1040 3587 1159 3656 ratio.“
1198 3589 1285 3656 Sunt
1301 3594 1410 3654 autem
1428 3588 1476 3652 hi:

414 3701 511 3768 „Quod
529 3718 584 3754 non
606 3702 672 3754 dant
690 3717 829 3771 proceres,
849 3702 926 3754 dabit
944 3702 1057 3754 histrio:
1077 3706 1107 3753 tu
1127 3700 1288 3754 Camerinos

411 3792 447 3843 Et
466 3791 592 3860 Baream,
612 3796 642 3843 tu
662 3791 799 3844 nobilium
819 3808 921 3860 magna
940 3792 1012 3844 atria
1030 3793 1129 3844 curras?

413 3881 571 3933 Praetbctos
590 3881 712 3951 Pelopea
730 3882 804 3950 iacit,
823 3880 977 3934 Philomela
995 3881 1147 3934 tribuuoa.“

199 3983 263 4067 Qui
280 4002 396 4050 versus
414 3983 552 4064 primum
577 4002 674 4048 aures
695 3981 905 4065 imperatoris
921 3982 1100 4049 latuerunt.
1141 3981 1223 4048 Oum
1240 3987 1349 4048 autem
1368 3979 1475 4046 Domi·

197 4147 356 4154 -——-—-

311 4231 333 4297 ¹)
353 4230 498 4284 luvenalis
518 4245 672 4299 cognomen
695 4228 823 4295 „Gallua“
844 4233 902 4300 (ap.
916 4230 1008 4282 Schol.
1028 4229 1063 4284 ad
1082 4230 1139 4282 Sat.
1158 4229 1237 4298 1,1),
1257 4229 1291 4281 dc
1311 4244 1366 4298 quo
1391 4227 1480 4281 Stam·
1588 4253 1594 4262 ·

115 4397 119 4406 .
198 4321 281 4390 pinus
302 4320 333 4386 (l.
353 4321 371 4372 l.
390 4337 417 4390 p.
432 4319 467 4372 10
480 4336 542 4374 anu.
567 4319 598 4386 2)
618 4319 744 4372 dubitare
758 4319 875 4389 videtur,
894 4325 969 4372 recte
983 4319 1133 4388 explicavit
1146 4318 1276 4370 Matthias
1296 4318 1352 4384 (Da
1366 4317 1480 4370 scholiis

198 4410 399 4480 iuvenalianis‚
417 4427 444 4480 p.
464 4409 481 4462 9
500 4411 555 4477 aq.)
1188 4480 1192 4487 Ι

308 4500 330 4566 ¹)
350 4500 381 4552 lu
401 4501 447 4551 via
465 4500 571 4567 Latina,
585 4500 658 4550 iuter
671 4498 859 4552 Fabrateriam
873 4503 901 4550 et
917 4496 1048 4550 Casinum
1068 4500 1155 4564 (nonno
1174 4496 1310 4565 Aquino).
1348 4495 1409 4548 vid.
1424 4495 1479 4547 Cio.

203 4589 238 4642 au
259 4589 344 4642 nonne.
366 4589 397 4660 v,
417 4589 442 4641 1.
481 4588 550 4641 Ριιι.
570 4589 604 4658 ιι,
624 4605 646 4641 0.
665 4589 709 4640 41.
746 4589 803 4640 mv.
823 4587 921 4658 xxvr,
940 4587 965 4640 o.
1003 4587 1072 4640 rua
1091 4587 1162 4639 unse.
1181 4586 1243 4638 uae.
1262 4585 1310 4656 ιιι,
1329 4588 1354 4639 5.
1372 4585 1397 4637 a.

1266 4693 1283 4727 it

1625 4593 1650 4752 J
