3456 5064
783 373 996 463 -ee-

252 578 425 644 exhanrire
457 577 660 644 decrevisset
672 573 709 660 ¹),
745 578 812 645 illis
844 579 1004 661 septimae
1033 580 1158 646 satirae
1186 581 1336 648 versibus
1368 586 1531 665 tyrannus

251 694 368 760 lacessi
397 695 519 778 potnit,
552 695 606 776 qui
635 701 782 762 veterem
811 695 979 778 ignaviam
1009 699 1256 778 exprobrarent.
1304 699 1389 764 Erat
1418 703 1529 764 arrtem

251 814 320 875 tum
335 809 547 877 Domitianus
571 830 656 894 „non
681 810 784 877 solum
810 831 957 895 magnae,
983 813 1040 878 sed
1060 817 1095 878 et
1111 813 1251 879 callidae
1274 812 1529 895 inopinataeque

251 925 434 993 saevitiae“
447 922 473 1008 ²)
502 948 541 994 ac
563 933 699 1009 propter
723 927 875 994 minimas
899 948 1016 996 causas
1039 948 1103 994 non
1128 929 1231 995 solum
1256 929 1442 1013 relegabat,
1472 930 1531 996 sed

251 1045 338 1110 haud
364 1064 441 1110 raro
466 1044 585 1126 capitis
608 1044 755 1110 insontes
779 1044 878 1110 sicuti
903 1050 1016 1111 sontes
1039 1045 1279 1112 condemnabat
1290 1043 1327 1129 ³).
1375 1045 1529 1112 Necnon

250 1160 430 1226 verisimile
447 1166 507 1242 est,
533 1159 635 1226 alium
652 1166 731 1226 tunc
748 1160 907 1242 temporis
928 1161 1191 1242 potentissimum
1209 1161 1400 1228 histrionem
1418 1162 1528 1246 fuisse,

251 1277 305 1357 qui
327 1277 478 1344 uersibus
502 1277 569 1342 illis
585 1276 819 1343 Juvenalianis
844 1276 937 1359 tangi
961 1271 1153 1361 potuerit⁴).
1201 1278 1309 1361 Adde,
1333 1279 1419 1358 quod
1441 1279 1530 1360 apud

253 1393 421 1475 aequalem
447 1398 576 1475 poetae,
601 1391 852 1476 Quintilianum,
878 1393 961 1458 satis
985 1393 1204 1476 manifestum,
1229 1401 1267 1460 ut
1290 1395 1413 1476 opinor,
1438 1395 1531 1460 testi-

250 1509 392 1575 moninm
409 1508 641 1590 imperatoriae
658 1507 817 1574 adversus
833 1509 1032 1575 Juvenalem
1050 1509 1121 1575 irae
1142 1515 1263 1576 exstat.
1304 1508 1529 1593 Quintilianus

251 1625 347 1709 enim,
372 1631 546 1707 postquam
570 1625 610 1689 de
635 1623 780 1690 satiricis
804 1626 1024 1691 Romanorum
1049 1625 1157 1706 poetis
1181 1626 1274 1708 dixit,
1304 1627 1385 1691 haec
1408 1627 1441 1692 in
1465 1625 1528 1692 fine

252 1741 382 1808 scribit:
417 1739 629 1824 „Suntclari
653 1740 812 1821 hodieque
836 1740 948 1821 etqui
973 1741 1048 1806 olim
1073 1737 1396 1825 nominabuntur“⁵).
1436 1740 1529 1826 Quae

251 1858 378 1938 quidem
404 1859 515 1940 verba,
540 1861 579 1921 ut
601 1856 666 1922 iam
691 1862 781 1921 recte
805 1855 1066 1939 Heinrichiusb,
1092 1850 1316 1940 Voelherns⁷)
1341 1857 1399 1924 alii
1420 1859 1530 1924 obser·

249 1979 384 2056 varnnt,
418 1972 459 2038 ad
484 1973 699 2054 Juvenalem,
733 1977 771 2036 ut
794 1969 992 2056 Quintiliani
1026 1973 1211 2056 aequalem,
1241 1973 1416 2040 referenda
1439 1983 1526 2040 sunt.

248 2091 300 2155 De
325 2089 472 2156 Strackii
495 2087 676 2169 sententia,
701 2085 940 2171 Quintilianum
969 2095 1147 2170 propterea
1175 2089 1215 2154 de
1239 2089 1406 2154 Juvenale
1437 2089 1526 2170 loqui

248 2223 310 2270 non
335 2203 492 2287 potuisse,
517 2203 601 2284 quod
626 2203 683 2268 illo
707 2209 854 2285 temporo
878 2203 969 2286 (circ.
993 2210 1034 2269 95
1059 2223 1134 2271 ann.
1160 2225 1191 2286 p.
1211 2203 1313 2289 Chr),
1339 2224 1400 2285 quo
1425 2203 1527 2288 Quin·

247 2321 357 2388 tiliani
389 2322 473 2386 liber
504 2319 673 2402 ederetur,
708 2319 909 2402 „iuvenalis
942 2320 1074 2387 minime
1108 2341 1172 2388 non
1203 2321 1297 2386 modo
1327 2321 1367 2386 de
1392 2321 1526 2389 edendis

246 2437 375 2520 satiriS,
405 2438 463 2502 sed
491 2457 532 2502 ne
562 2435 603 2503 de
631 2435 813 2502 scribendis
841 2437 970 2517 quidem
999 2435 1238 2521 cogitaret“⁸)‚
1268 2457 1331 2504 non
1364 2439 1525 2518 estquod

247 2554 343 2636 plura
358 2574 517 2620 moneam.
564 2553 651 2618 Nam
676 2552 815 2633 primum
840 2573 939 2634 snpra
964 2555 1212 2621 observavimus
1224 2551 1260 2637 ⁹),
1285 2555 1428 2636 priorum
1447 2553 1526 2620 sati-

152 2727 155 2734 .
246 2685 357 2735 rarum
381 2669 480 2735 initia
504 2669 567 2735 iam
594 2668 784 2734 Domitiano
809 2667 993 2749 imperante
1017 2668 1107 2734 facta
1131 2689 1213 2736 csse.
1261 2670 1342 2735 'lum
1367 2668 1525 2751 perfacile

246 2786 317 2851 fieri
342 2787 464 2867 potnit,
489 2784 538 2850 uti
563 2785 755 2866 Juvenalis,
785 2789 958 2864 antequam
992 2783 1116 2850 satiras
1140 2785 1268 2867 ederet,
1302 2805 1358 2850 eas
1388 2783 1525 2866 „paucis

247 2901 454 2968 scholasticis
478 2899 662 2965 hominibus
686 2905 720 2964 et
734 2897 861 2964 doct.is“
878 2895 914 2980 ¹⁰)
945 2899 1103 2966 recitaret
1118 2896 1166 2984 ¹¹).
1214 2899 1317 2985 Quam
1336 2902 1376 2966 ob
1392 2919 1523 2966 eausam

248 3016 567 3025 --.—..—·-.—--———-—-·

355 3069 377 3133 ¹)
405 3065 481 3135 ibid,
500 3082 521 3117 c.
541 3065 584 3122 44.
598 3095 632 3104 —
651 3064 723 3116 Haec
741 3066 835 3117 omnin
853 3065 887 3116 ad
906 3081 969 3116 annu.
989 3065 1023 3116 93
1043 3065 1185 3117 reserenda
1203 3080 1260 3117 esse
1278 3065 1355 3117 docet
1372 3066 1458 3134 Peter,
1477 3065 1525 3134 ΙΙΙ,

245 3160 260 3210 2
280 3175 304 3226 p.
327 3156 467 3225 128,132.
504 3154 602 3223 Imhos,
620 3171 646 3223 p.
666 3155 709 3207 64.

352 3247 376 3313 ²)
403 3239 484 3313 Suet,
503 3245 582 3296 Dom.
602 3260 623 3296 c.
643 3244 686 3296 11.

351 3336 376 3403 ³)
404 3336 480 3404 lbid,
505 3351 526 3386 c.
553 3336 600 3391 to:
642 3333 761 3400 „Occidit
783 3334 990 3406 ⁴Hermogenem
1014 3333 1175 3388 Tarsensem
1204 3337 1314 3404 propter
1338 3334 1469 3404 quasdam
1494 3334 1523 3384 in

244 3429 357 3480 historio
376 3428 486 3496 figuras,
506 3425 625 3476 librariis
639 3425 730 3493 etiam,
746 3425 793 3492 qui
813 3439 873 3475 cam
887 3423 1093 3494 descripserant,
1106 3425 1179 3476 cruci
1193 3425 1268 3493 lixis3
1280 3463 1303 3476 ..
1324 3425 1462 3476 interemit
1481 3461 1523 3474 ...

244 3520 368 3572 hlettinm
381 3516 607 3585 Pompusianum,
621 3514 707 3583 quod.
719 3554 725 3565 .
738 3554 744 3566 .
758 3513 895 3583 depictum
909 3513 1001 3566 orbem
1015 3515 1146 3565 terracin
1160 3513 1320 3566 membrana
1332 3515 1524 3582 contionesque

243 3625 340 3679 regum
365 3623 396 3659 ac
413 3607 514 3658 dueum
537 3620 572 3656 ex
594 3605 625 3656 Τ,
644 3605 721 3656 Livio
739 3605 939 3672 circuml'erret3
1042 3604 1157 3656 lunium
1178 3605 1329 3673 Rusticum,
1352 3603 1425 3672 qnod
1444 3604 1520 3655 Paeti

244 3699 379 3750 Thraseae
398 3700 425 3747 et
443 3694 562 3747 Helvidii
581 3694 665 3746 Prisci
685 3693 780 3744 laudes
797 3693 925 3745 edidisset
942 3693 1157 3763 appellassetque
1175 3708 1220 3746 eos
1238 3694 1422 3745 oculatissimus
1441 3694 1524 3762 viros,

243 3790 321 3840 cirins
339 3787 463 3838 criminis
481 3785 619 3836 occasione
637 3783 811 3852 philosophos
829 3799 924 3836 omnes
942 3783 1010 3835 urbe
1028 3783 1161 3851 Italiaque
1179 3784 1353 3834 summovit.“

350 3874 375 3946 ⁴)
402 3874 442 3926 Os.
454 3876 502 3925 vit.
516 3873 714 3942 Kulenhamp.:
740 3878 884 3940 „expertus
894 3876 934 3924 est
943 3877 1076 3940 quantum
1090 3874 1174 3924 unius
1188 3871 1329 3924 histrionis
1342 3857 1384 3923 ira
1394 3872 1521 3923 valeret.“

351 3965 375 4031 ⁵)
404 3963 506 4031 Quint,
525 3963 558 4032 X,
577 3961 592 4014 1
613 3966 626 4028 §
645 3961 688 4015 94.
1028 3968 1029 3972 ’

350 4053 373 4124 ⁰)
401 4053 432 4105 ln
452 4053 514 4105 edit.
533 4052 631 4105 Juven.
651 4051 962 4120 satir.Bonnae,1839,
982 4052 1006 4102 ll
1026 4069 1051 4120 p.
1071 4051 1114 4103 18.

350 4141 374 4214 'J
401 4141 634 4210 Juvenal,p.17.

402 4233 442 4285 De
461 4233 554 4300 exilio,
574 4248 600 4300 p.
619 4232 635 4282 5
655 4234 681 4282 et
699 4229 723 4283 6.

339 4410 375 4485 ¹⁰)
401 4413 559 4482 Salmasius,
577 4412 695 4463 Exercit.
715 4410 784 4462 Plin.
804 4427 829 4478 p.
849 4409 910 4461 452.

339 4502 374 4569 ¹¹)
402 4502 478 4554 Hanc
511 4502 683 4570 sententiam,
710 4504 818 4569 praeter
844 4499 1007 4551 Salmasium
1037 4498 1069 4565 (l.
1096 4501 1148 4568 a),
1175 4497 1319 4550 Weberius
1346 4500 1376 4550 in
1403 4497 1521 4550 editione

241 4593 383 4645 luvenalis
401 4593 558 4662 germanice
577 4591 678 4661 (Helle,
699 4590 777 4660 1838,
796 4607 821 4659 p.
838 4587 889 4642 226
908 4593 935 4641 ct
952 4589 1019 4658 227)
1037 4588 1182 4658 amplexus
1201 4592 1248 4641 est.
