3456 5064
844 374 884 434 52

220 583 404 666 apparebit,
429 581 590 663 quomodo
613 585 741 648 remota
763 582 948 649 Domitiani
970 586 1120 664 tempora
1144 586 1212 648 tam
1237 581 1361 649 vividis
1385 582 1504 648 colori·

220 701 281 765 bus
315 698 493 781 depingere
527 697 690 782 potuerit,
726 698 755 765 si
791 719 850 781 per
885 703 990 766 totam
1020 697 1158 765 Traiani
1189 703 1334 766 aetatem
1367 717 1503 780 prorsus

220 814 404 882 tacuisset?
442 812 554 897 Adde,
587 815 671 896 quod
694 815 798 882 multa
822 816 891 882 alia
915 793 1058 898 obstant,
1084 815 1256 895 quominus
1288 813 1503 881 Hadrianum

221 932 314 999 exilii
336 937 505 998 auctorem
530 931 714 998 credamne.
762 932 865 1016 Nam,
890 931 1016 998 utiam
1038 933 1252 998 Hermannus
1276 935 1367 997 recte
1392 933 1503 998 obser-

221 1050 331 1133 vavit,
357 1068 438 1132 „neo
467 1047 661 1115 histrionem
685 1046 851 1130 novimuS,
877 1049 928 1115 oui
955 1051 1084 1115 tantum
1113 1047 1307 1115 Hadrianus
1337 1047 1502 1131 tribuerit,

221 1170 258 1232 ut
281 1164 351 1232 eius
376 1166 488 1247 gratia
510 1165 658 1232 homines
675 1166 719 1231 ad
734 1164 963 1247 praefecturas
987 1169 1022 1230 et
1044 1165 1233 1230 tribunatus
1251 1165 1417 1247 eveheret,
1443 1183 1504 1230 nee

221 1288 352 1363 poetam
375 1281 555 1350 verisimile
580 1287 644 1365 est,
676 1300 760 1362 quae
784 1282 817 1348 in
842 1281 996 1348 Paridem
1020 1281 1206 1348 Domitiani
1229 1282 1400 1362 aequalem
1426 1287 1503 1348 ante

223 1400 365 1484 triginta
380 1401 520 1482 amplius
543 1417 647 1466 annos
661 1399 816 1482 lusisset,
837 1416 972 1480 prorsus
988 1404 1118 1465 mutata
1133 1405 1317 1481 temporum
1333 1417 1505 1480 rerumque

222 1517 363 1582 omnium
381 1516 568 1583 conditione
585 1514 681 1582 senili
700 1514 792 1597 operi
809 1513 1011 1581 inseruisse“
1024 1510 1057 1596 ¹).
1087 1513 1213 1599 Quibus
1229 1515 1258 1580 si
1275 1515 1502 1598 adiungamus,

221 1632 262 1698 de
294 1633 401 1698 altera
431 1631 608 1699 satirarum
640 1631 786 1697 editione
815 1631 1024 1714 cogitandum
1054 1649 1118 1696 non
1148 1626 1270 1714 esse2),
1303 1631 1385 1696 illud
1409 1630 1503 1697 nobis

221 1747 488 1829 probatissimum
506 1747 579 1831 erit,
604 1747 686 1812 nihil
702 1747 742 1813 de
758 1746 925 1812 Hadriani
946 1752 1058 1813 aetate
1074 1766 1134 1813 nos
1151 1752 1354 1829 compertum
1371 1748 1502 1829 habere,

221 1864 306 1946 quod
330 1869 523 1946 argumento
540 1882 696 1929 versuum
720 1861 852 1928 illorum
876 1863 1076 1943 respondeat
1088 1860 1125 1946 ³).
1174 1860 1328 1945 Accedit,
1353 1861 1438 1944 quod
1463 1863 1503 1928 de

220 1981 345 2046 famoso
370 1979 516 2046 Antinoo
540 1980 612 2061 illo,
638 1998 732 2060 quom
757 1978 935 2044 Teruffelius
958 1998 1017 2060 pro
1042 1977 1164 2044 Paride
1190 1972 1418 2062 substituit⁴),
1449 1998 1503 2044 res

222 2095 374 2162 confecta
406 2095 521 2162 baberi
557 2095 669 2176 debet;
710 2095 768 2161 ille
804 2094 889 2161 enim
925 2095 1091 2161 Hadriani
1126 2094 1272 2160 amasius
1306 2094 1503 2160 histrionum

221 2217 333 2293 partes
357 2231 421 2277 non
446 2213 568 2294 agebat
591 2230 652 2276 nec
670 2211 741 2292 ipse
764 2210 959 2277 Hadrianus
982 2211 1011 2276 is
1035 2217 1118 2293 erat,
1143 2211 1197 2292 qui
1221 2211 1376 2276 histrioni
1400 2210 1502 2294 alicui

225 2348 440 2394 concessurus
475 2334 580 2411 esset,
616 2333 654 2392 ut
687 2327 833 2410 negotiis
869 2326 1008 2408 publicis
1043 2347 1079 2392 se
1113 2322 1402 2410 inter·misceret⁵).
1451 2327 1503 2392 De

224 2445 352 2527 Pylade
376 2464 454 2512 vero
488 2445 704 2527 pantomimo,
739 2462 834 2524 quem
858 2442 1051 2525 Stampinus
1086 2461 1127 2508 ex
1151 2441 1420 2524 inscriptionibus
1445 2462 1503 2524 pro

225 2561 410 2627 Domitiani
439 2561 561 2628 Paride
590 2561 797 2627 commendat
809 2557 852 2644 ⁰),
888 2561 921 2626 id
956 2561 1060 2626 solum
1096 2581 1137 2626 ex
1167 2561 1377 2627 Mommsenii
1406 2581 1504 2628 anno·

225 2678 407 2744 talionibus
424 2677 582 2744 affirmari
603 2682 724 2759 potest,
749 2676 957 2742 Hadrianum
975 2695 1047 2742 enm
1064 2679 1299 2759 pantomimum
1328 2677 1503 2758 aliquando

230 2786 507 2874 manumisisse⁷).
563 2791 666 2876 Quam
704 2793 841 2858 obrem
872 2792 986 2875 miror,
1030 2811 1087 2858 eur
1110 2793 1303 2875 Stampinus
1332 2794 1365 2859 id
1389 2812 1505 2858 nomen

225 2906 392 2983 attulerit,
427 2907 455 2972 si
485 2908 596 2989 paullo
625 2907 714 2974 infra
742 2907 826 2973 nibil
855 2907 937 2974 certi
965 2908 1006 2974 da
1035 2910 1184 2990 potentia
1213 2909 1352 2993 Pyladis
1382 2908 1503 2976 addere

223 3023 334 3104 potuit
345 3020 371 3107 ⁸)
393 3023 683 3105 quaestionemque
700 3024 740 3090 de
757 3023 849 3090 exilii
866 3043 966 3090 eausa
983 3025 1102 3107 „longe
1117 3023 1349 3091 incertiorem“
1367 3023 1503 3090 definire

224 3157 288 3203 non
319 3137 544 3220 dubitavitb?
583 3140 680 3206 Adde
711 3139 866 3223 denique,
901 3141 986 3221 quod
1021 3141 1076 3222 qui
1110 3161 1193 3207 sana
1227 3148 1262 3206 et
1294 3140 1504 3206 considerata

225 3253 393 3322 iudicandi
418 3256 546 3322 ratione
570 3257 685 3340 utitur,
709 3257 806 3340 longe
830 3257 946 3335 aberit,
971 3263 1009 3322 ut
1028 3258 1234 3323 Hadrianum
1261 3255 1502 3338 praefecturam

226 3398 386 3407 ---.

331 3481 353 3548 ¹)
373 3481 416 3534 De
435 3484 487 3533 sat.
507 3485 577 3551 sept.
600 3484 682 3550 temp.
702 3496 728 3550 p.
748 3479 772 3532 6.

329 3573 353 3637 ')
373 3569 413 3622 Os.
436 3587 511 3640 supr.
531 3587 558 3640 p.
578 3569 693 3626 18-19.

329 3659 353 3727 ³)
373 3660 413 3712 Ol.
433 3661 619 3729 Synnerberg,
636 3677 664 3729 p.
683 3659 726 3712 81.

328 3749 352 3816 ⁴)
373 3751 488 3803 Studien
506 3750 564 3802 und
583 3749 849 3819 Charaktoristiken,
868 3767 894 3819 p.
913 3749 975 3801 412.

340 3845 352 3907 )
373 3841 480 3910 Straelr,
499 3857 525 3911 p.
545 3840 581 3892 30
600 3845 628 3892 et
646 3841 688 3895 32.
708 3869 742 3879 -
762 3841 894 3910 Francke,
914 3841 966 3893 Ex.
986 3841 1045 3892 erit.
1064 3856 1091 3908 p.
1112 3838 1173 3891 132.

329 3571 339 3602 .'

329 3841 339 3874 b

327 3929 351 3997 ⁸)
371 3931 443 3986 Libr.
462 3931 536 3983 laud.
555 3947 581 4000 p.
600 3929 644 3983 45.

327 4019 351 4087 ⁷)
371 4021 568 4090 Inscriptioneo
598 4018 702 4072 Galliae
732 4017 889 4088 Cisalpinae
917 4020 1020 4072 latinae
1047 4018 1134 4070 edidit
1160 4017 1211 4069 Th.
1239 4016 1408 4088 Mommsen,
1436 4034 1501 4088 paro

220 4113 367 4180 posterior,
386 4110 517 4179 Berolini,
536 4109 605 4161 1877
624 4109 660 4161 M
679 4107 757 4177 7753,
772 4125 798 4177 p.
818 4108 879 4161 889.

326 4199 350 4270 ⁸)
370 4202 434 4253 Loc.
452 4199 540 4252 laud:
562 4198 660 4265 „Quod
679 4199 703 4250 si
722 4198 854 4264 Pyladem
873 4199 952 4251 illum
972 4199 1132 4252 manumist
1151 4197 1307 4250 Hadrianus
1334 4197 1500 4250 verisimilli-

221 4309 297 4344 mum
318 4291 407 4343 estid
432 4290 466 4342 ob
492 4289 629 4358 quaedam
653 4288 796 4341 histrionis
822 4291 922 4341 merita
946 4293 1029 4357 atque
1054 4289 1144 4340 officia
1167 4289 1270 4340 sactum
1296 4303 1357 4340 esse
1382 4302 1501 4355 eumque

221 4381 324 4434 idcirco
343 4381 461 4450 principi
481 4395 575 4430 carum
595 4353 690 4430 fnisse.
730 4376 852 4430 Ceterum
874 4394 932 4430 rem
951 4377 981 4430 ia
1004 4376 1090 4430 medio
1110 4376 1239 4444 relinquo,
1264 4392 1332 4443 qaue
1344 4374 1504 4428 coniectando

219 4472 328 4522 teatrum
346 4467 471 4521 aititur.“

325 4557 350 4626 θ)
369 4559 447 4627 Ibid,
466 4575 493 4628 p.
512 4557 555 4610 63.
