3456 5064
889 337 910 402 4

257 547 421 632 omittam,
446 549 478 615 in
503 551 577 632 ipsa
599 550 806 632 palimpsesti
835 551 983 634 margine
1007 552 1103 616 docet
1127 551 1273 616 scholion
1297 551 1338 615 ad
1366 550 1436 617 Sat.
1457 553 1542 634 XV,

255 685 343 732 vers
370 671 399 748 5,
424 665 479 732 ubi
504 687 575 732 cum
601 667 703 733 codex
726 667 841 734 itidem
865 674 1052 750 corruptam
1077 669 1252 734 lectionem
1278 669 1463 770 praeierat:
1531 663 1534 670 ’

476 825 614 892 „Dimidio
635 826 759 894 magicae
778 829 911 878 resonant
931 825 977 878 ubi
996 826 1144 877 Memnona
1166 824 1314 893 chordae“,

255 995 320 1040 non
353 973 490 1039 fortuito
529 973 687 1054 scriptum
728 991 801 1037 esse
839 972 1054 1052 ,Memnona‘
1094 991 1153 1053 pro
1190 971 1404 1051 ,Memnone“
1441 977 1541 1038 vetus

256 1090 430 1156 annotatio
470 1089 631 1156 ostendit:
683 1090 833 1170 ,qnidam
866 1090 1034 1154 dimidium
1065 1108 1129 1154 uon
1173 1089 1303 1152 dimidio
1347 1088 1463 1169 legunt
1497 1089 1543 1153 ad

258 1207 433 1272 Memnone
475 1205 677 1272 referentes“
699 1200 731 1287 ¹).
803 1204 927 1270 Mirum
965 1205 1078 1288 igitur,
1111 1225 1152 1270 ne
1185 1204 1291 1270 dicam
1332 1204 1540 1286 incredibile,

255 1323 435 1404 videretur,
462 1323 490 1388 si
508 1321 666 1403 homines,
690 1321 746 1402 qui
763 1327 856 1387 tanto
873 1321 980 1386 studio
1004 1321 1037 1386 in
1062 1319 1184 1386 satiras
1209 1319 1352 1385 edendas
1376 1321 1542 1400 interpre-

257 1439 443 1518 tandasqne
467 1427 704 1519 incumberent,
730 1436 814 1502 nihil
838 1436 942 1519 nobis,
967 1437 1093 1502 recenti
1116 1435 1273 1500 memoria
1297 1455 1404 1500 rerum
1434 1437 1541 1501 Juve-
1585 1517 1589 1522 .

256 1554 473 1636 nalianarum,
498 1553 538 1618 de
563 1553 736 1634 scriptoris
753 1554 824 1620 uita
840 1552 1066 1619 tradidissent.
1114 1551 1406 1619 Verumenimvero
1430 1551 1541 1616 omnia

256 1689 294 1735 eo
320 1669 452 1751 ducunt,
478 1676 515 1734 nt
540 1669 637 1734 simul
661 1687 732 1734 cum
758 1669 922 1732 codicibus
947 1668 1341 1748 interpretationibusque
1359 1669 1538 1734 satirarum

255 1785 349 1851 brevi
387 1791 463 1866 post
495 1790 634 1849 mortem
668 1784 845 1850 iuvenalis
879 1783 1119 1865 descriptiones
1153 1783 1244 1849 vitae
1277 1783 1348 1848 eius
1385 1785 1540 1849 extitisse

256 1906 451 1984 statuamus,
477 1920 561 1981 quae
585 1920 605 1964 a
622 1899 859 1982 posterioribus
877 1899 1100 1980 grammaticis
1117 1903 1152 1963 et
1168 1899 1357 1964 scholiastis
1376 1900 1539 1966 collectae

255 2017 422 2082 nonnullis
446 2015 584 2082 mutatis
608 2020 667 2081 aut
690 2015 853 2081 adiunctis
876 2021 934 2080 aut
954 2015 1116 2080 detractis
1139 2015 1310 2095 paullatim
1328 2015 1362 2080 in
1380 2016 1538 2098 vitarum,

256 2132 369 2211 quales
392 2151 479 2196 nunc
502 2132 666 2210 habemus,
692 2129 814 2195 ferinas
840 2131 1042 2196 transierint.

363 2249 416 2312 De
449 2246 629 2312 dulcioribus
663 2246 806 2313 vitarum
842 2247 923 2311 nibil
960 2246 1090 2311 ‹urnrrino
1126 2249 1207 2312 certi
1245 2247 1402 2312 constitui
1438 2267 1539 2328 posse
1633 2261 1636 2266 ’

255 2364 397 2430 videtur.
445 2363 559 2443 Atque
583 2363 698 2444 prima,
729 2381 811 2443 quae
836 2361 987 2444 omnium,
1014 2363 1099 2443 quod
1124 2363 1235 2445 sciam,
1268 2383 1427 2428 consensu
1453 2365 1539 2430 anti-

256 2479 415 2560 quissima
442 2473 630 2561 putatur²)‚
660 2477 724 2544 iam
750 2477 806 2542 diu
831 2478 925 2543 irredo
950 2477 1105 2544 Suetonio
1137 2479 1230 2544 inodo
1254 2481 1390 2547 Valerio
1427 2481 1538 2546 Probo

256 2595 471 2678 grammatico
506 2595 765 2660 adscribebatur.
815 2593 869 2660 Ad
903 2596 1043 2660 nobilem
1079 2596 1170 2661 illum
1204 2597 1394 2662 historicum
1429 2597 1536 2690 uitam

256 2711 446 2776 referebant
482 2708 743 2793 Oasaunonusl),
785 2705 1012 2793 Salmasius⁴).
1048 2707 1306 2795 Spaldingius5).
1354 2713 1418 2779 Sed
1448 2731 1538 2779 rrunc

256 2847 351 2893 uerno
384 2832 445 2909 est,
471 2828 525 2908 qui
550 2827 731 2892 obsoletam
759 2827 849 2892 illam
881 2827 921 2891 de
951 2826 1107 2892 Suetonio
1135 2829 1225 2894 vitae
1254 2831 1431 2895 duvenalis
1461 2851 1538 2895 auo-

256 2951 327 3008 tore
341 2942 525 3023 opinionem
541 2948 685 3007 tueatur.
711 2943 796 3007 Nam
815 2949 850 3007 ut
861 2945 1082 3008 Burmannum
1098 2944 1247 3009 omittam
1258 2943 1293 3028 6),
1311 2941 1536 3029 Franckius⁷)

257 3066 292 3123 et
317 3057 467 3124 Suetonii
492 3057 636 3122 editores
661 3055 985 3140 Reiffe1·sclmidius⁸)
1011 3065 1044 3123 et
1071 3058 1246 3141 Rotbiusi)
1272 3061 1354 3125 satis
1372 3081 1537 3143 superque

257 3175 526 3240 demonstrarunt
558 3175 643 3240 lrarrc
675 3175 779 3240 vitam
813 3175 941 3239 ommno
975 3174 1132 3239 Suetonio
1167 3196 1238 3240 esse
1272 3176 1535 3246 abiudicandam.

255 3292 375 3370 Itaque
399 3291 492 3373 ligna
515 3309 575 3372 ego
600 3290 633 3354 in
658 3289 774 3356 silvam
801 3290 887 3355 ferre
909 3292 993 3356 nolo.
1034 3289 1197 3356 Similiter
1214 3292 1310 3356 etiam
1331 3293 1372 3358 ad
1390 3294 1537 3361 Probum

256 3407 429 3488 Berytium
452 3405 714 3488 grammaticum,
739 3409 799 3471 sub
822 3407 912 3471 cuitus
935 3407 1064 3472 nomine
1086 3406 1251 3490 (ieorgius
1268 3409 1368 3475 Valla
1387 3431 1427 3475 ex
1450 3413 1538 3477 ariti-

254 3632 448 3639 .—-—...--.-—
459 3632 574 3638 ——q

363 3809 385 3872 ¹)
413 3807 494 3876 Jahn,
513 3807 657 3860 luvenalis
678 3817 738 3877 sat,
757 3825 783 3878 p.
804 3808 863 3861 159.
884 3841 917 3848 —-
938 3809 1086 3879 Hermann,
1107 3811 1124 3862 l.
1145 3811 1162 3862 l.
1183 3830 1209 3881 p.
1229 3813 1254 3866 5.

374 3910 385 3968 )
415 3904 454 3958 Oi.
474 3907 659 3975 Synnerberg,
680 3907 720 3958 De
741 3890 913 3976 temporibus
933 3913 985 3960 etc.
1006 3926 1032 3977 p.
1052 3909 1076 3960 8.

374 3997 386 4058 J
416 3995 476 4046 Vid.
497 3995 669 4065 Suetonium,
690 3996 732 4048 ed.
752 3997 901 4050 Burmann.
921 3997 1077 4050 Amstelod.
1099 3999 1175 4068 1736,
1198 3999 1229 4068 ll,
1249 4017 1275 4068 p.
1298 3999 1355 4050 164.

361 4081 385 4147 ⁴)
415 4084 639 4136 Exercitationes
659 4086 809 4155 Plinianae,
829 4087 951 4155 Pariana,
972 4087 1041 4139 1689
1061 4105 1087 4157 p.
1107 4088 1168 4140 449.

374 4174 383 4240 )
412 4174 441 4224 ln
462 4175 576 4242 praelat.
598 4175 661 4228 edit.
682 4175 842 4241 Quintilian.
863 4177 981 4246 Lipsiae,
1001 4178 1079 4247 1798,
1098 4196 1124 4248 p.
1145 4179 1255 4231 XXXV.

373 4272 384 4331 l

375 4356 386 4418 l

373 4445 385 4506 l

366 3906 371 3922 ι

368 4005 372 4023 l

364 4185 372 4206 Ἰ

363 4349 372 4381 l

361 4261 372 4294 ⁰
413 4264 486 4318 Edit.
506 4263 629 4333 Sueten,
648 4265 682 4334 ll,
701 4265 762 4317 470.

416 4353 542 4404 Examen
564 4355 649 4405 critic.
668 4354 810 4406 «luvenalis
831 4357 912 4424 vitae,
932 4374 956 4424 p.
976 4357 993 4408 9
1013 4374 1053 4424 sq.

360 4443 372 4472 ὅ
414 4441 527 4494 Sueten.
547 4443 608 4494 libr.
627 4443 705 4510 reliq.
726 4445 844 4513 Lipsiae,
864 4444 934 4496 1860
953 4463 978 4514 p.
998 4446 1059 4497 404.

281 4527 283 4534 '
361 4529 385 4596 υ)
415 4531 501 4582 Praei.
521 4533 586 4584 edit.
607 4533 720 4585 Sueten.
741 4534 858 4603 Lipsiae,
878 4533 947 4585 1862
969 4553 993 4604 p.
1014 4536 1138 4588 LXXVll
1158 4552 1198 4606 sq.
