3456 5064
879 397 922 456 46

796 484 1007 492 ——-

258 605 387 685 publice
410 603 632 686 privatimque
657 605 767 672 ditans
796 626 907 672 omnes
935 616 971 671 et
1000 607 1177 672 bonoribus
1206 625 1341 689 augens
1375 625 1456 687 qnos
1486 608 1543 675 vel

257 721 414 787 mediocri
449 721 682 788 familiaritate
720 723 947 804 cognovisset,
987 725 1098 789 orbem
1144 729 1307 789 terrarum
1352 724 1541 807 aedificans,

258 839 381 904 multas
403 837 630 904 immunitates
654 838 848 906 civitatibus
873 841 1029 922 tribuens,
1065 839 1148 904 nibil
1172 859 1235 904 non
1270 841 1483 923 tranquillum
1508 847 1543 906 ct

257 953 423 1035 placidum
457 951 580 1036 agens“
596 949 628 1036 ¹).
688 955 762 1020 Has
794 960 908 1021 tantas
942 955 1007 1020 viri
1041 955 1184 1021 virtutes
1220 955 1363 1020 maxima
1397 956 1540 1021 omnium

258 1069 435 1137 aduriratio
456 1077 572 1136 secuta
587 1079 649 1152 est,
676 1076 714 1136 ut
736 1090 801 1136 non
817 1073 920 1137 solum
938 1071 1126 1154 multitudo,
1151 1071 1327 1138 sedetiam
1345 1072 1542 1136 nobilissimi

258 1187 348 1253 cives
363 1206 515 1269 magnum
540 1192 574 1252 et
589 1186 717 1253 felicem
736 1207 808 1253 eum
825 1187 1034 1253 nominarent
1056 1193 1091 1252 et
1114 1193 1152 1252 nt
1168 1189 1382 1269 sequentibus
1402 1188 1543 1269 impera-

257 1303 384 1368 toribus
408 1303 470 1368 hoc
492 1323 591 1369 unum
615 1304 650 1369 in
673 1309 791 1370 senatu
822 1305 1081 1370 acclamaretur:
1113 1303 1265 1385 „felicior
1295 1305 1340 1370 sis
1360 1304 1540 1387 'Aurgusta

257 1418 374 1485 melior
398 1418 575 1486 Traiano.“
623 1418 715 1504 Quae
745 1440 818 1486 cum
848 1421 898 1486 ita
929 1421 1006 1502 sint,
1031 1420 1113 1485 illml
1144 1421 1239 1486 nobis
1272 1420 1540 1501 probatissimum

258 1537 338 1619 erit,
376 1555 440 1602 non
473 1557 513 1602 ea
545 1536 655 1602 indole
688 1537 868 1603 Traianum
901 1537 1019 1619 fluisse,
1060 1536 1109 1602 nti
1142 1542 1279 1618 propter
1311 1537 1391 1602 duos
1423 1556 1541 1602 versus

257 1652 427 1718 histrionis
444 1651 556 1736 gratia
571 1660 701 1734 poetam
719 1673 760 1718 ex
775 1655 856 1719 urbe
873 1653 1065 1735 depelleret.
1113 1652 1164 1718 At
1181 1653 1360 1719 Traianum
1377 1673 1540 1719 morosum

257 1768 361 1834 fuisse
396 1767 612 1851 Pyladenqne
645 1769 840 1836 saltatorem
875 1789 1004 1836 curasse
1036 1770 1183 1835 nonnulli
1213 1769 1386 1836 obiciunt·
1419 1768 1539 1836 Audio.

257 1884 308 1950 At
339 1885 373 1950 in
404 1883 562 1966 Eutropii
595 1885 795 1967 testimonio,
829 1905 930 1968 supra
962 1886 1112 1968 lacunato,
1147 1886 1212 1950 iam
1245 1887 1328 1952 satis
1362 1885 1541 1952 manifesta

257 2001 452 2066 documenta
470 2000 677 2083 „civilitatis
691 2001 938 2084 moderationis,
952 1999 1190 2068 liberalitatis“
1207 2001 1345 2067 Traiani
1362 2000 1540 2081 deprehen-

256 2116 372 2183 nimus.
420 2116 546 2201 Quibus
570 2117 669 2182 etiam
693 2116 775 2182 baec
798 2117 919 2182 Dionis
942 2117 1133 2198 adiungam:
1173 2125 1230 2200 „tp
1254 2119 1340 2202 φύσει
1364 2119 1447 2180 οὐδὲν
1472 2117 1540 2181 οὔτε

258 2237 376 2298 διπλοῦν
401 2233 467 2297 οὔτε
491 2234 588 2298 δόλιον
612 2233 680 2298 οὔτε
702 2235 793 2319 τραχὺ
818 2233 910 2320 εἷχεν;
941 2235 1017 2298 ἀλλὰ
1040 2235 1107 2304 τοὺς
1136 2236 1188 2318 μὲν
1218 2235 1346 2318 ἀγαθοὺς
1378 2235 1470 2320 ἐφιλει
1492 2236 1540 2298 καὶ

258 2351 400 2420 ἐδεξιοῦτο
435 2351 483 2412 καὶ
516 2351 607 2433 ἐτίμα,
640 2356 698 2413 τῶν
731 2351 764 2412 δὲ
796 2349 894 2413 ἄλλων
919 2351 1031 2434 ἠμέλει·
1061 2397 1068 2413 .
1094 2398 1102 2413 .
1127 2398 1135 2414 .
1161 2398 1168 2413 .
1194 2353 1342 2434 διαβολαῖς
1374 2375 1405 2414 τε
1438 2353 1539 2434 ἥκιστα

256 2468 400 2542 ἐπίστευε,
430 2468 478 2529 καὶ
509 2467 582 2550 ὀργῇ
607 2467 708 2550 ἥκιστα
731 2461 958 2548 stoctonam).
1006 2464 1103 2531 Adde
1118 2466 1219 2531 Plinii
1236 2465 1378 2532 Secundi
1402 2466 1442 2531 (le
1466 2465 1539 2530 miti

256 2581 394 2648 Traiani
416 2581 549 2662 ingenio
573 2581 812 2646 testimouium:
861 2581 988 2663 „Nemo
1018 2581 1058 2646 de
1096 2581 1361 2648 severitate-tna
1391 2582 1539 2662 queritur

256 2705 289 2764 et
313 2698 452 2764 liberum
477 2703 529 2763 est
551 2695 715 2780 querab,
740 2703 774 2762 et
797 2697 901 2778 ipsius
925 2698 1098 2779 epistolam
1123 2699 1165 2764 acl
1186 2699 1339 2764 Plinium
1355 2699 1389 2764 iu
1415 2719 1538 2780 quase

256 2833 342 2897 „non
374 2833 414 2878 ex
439 2819 527 2878 metu
559 2817 594 2878 et
620 2819 748 2878 terrore
770 2813 933 2878 hominnm
959 2819 1017 2879 aut
1039 2813 1230 2880 criminibus
1254 2814 1421 2880 maiestati
1445 2833 1538 2880 reve·

258 2929 399 2995 rentiam
424 2924 574 3009 adquiri“
598 2921 772 3009 fatetur4).
802 2928 893 2995 -Nec
916 2928 1248 3010 praetermittendum
1273 2936 1334 3012 est,
1359 2931 1538 2996 Traianum

254 3044 387 3111 minime
411 3043 626 3126 suspiciosum
651 3044 762 3109 fuisse.
811 3043 891 3110 Onm
909 3045 1070 3110 Licinium
1085 3044 1202 3112 Suram
1227 3045 1431 3127 praefectum
1454 3065 1536 3110 non·

256 3161 339 3227 nulli
362 3160 549 3226 maiestatis
567 3166 772 3242 occursarent,
798 3160 961 3226 Traianus
984 3161 1055 3242 ipse
1080 3161 1121 3226 ad
1146 3181 1217 3226 eum
1242 3161 1537 3242 venit-servosque

254 3279 326 3344 eius
349 3277 412 3343 sibi
436 3277 570 3342 barbam
596 3275 733 3340 tondere
764 3281 798 3341 et
826 3275 937 3341 oculos
965 3275 1094 3341 illinere
1123 3271 1267 3357 iussit⁵).
1315 3278 1381 3341 Per
1413 3277 1536 3359 viginti

253 3393 323 3460 fere
347 3411 450 3459 annos
473 3391 679 3474 principatus
703 3390 774 3456 eius
798 3388 982 3474 (ea—117)
1007 3410 1073 3458 uua
1096 3391 1200 3457 solum
1230 3391 1414 3466 corrinratio
1445 3393 1537 3458 facta

254 3515 321 3592 est,
358 3509 450 3574 cuius
483 3508 548 3574 dux
588 3513 713 3590 tamen,
755 3507 953 3588 Calpurnius
990 3507 1131 3573 Crassus
1170 3514 1319 3590 senator,
1360 3507 1535 3590 ignorante

256 3625 400 3692 Traiano
424 3644 484 3706 per
507 3628 657 3690 senatum
683 3623 857 3690 uarmnatus
881 3621 980 3704 eset).
1028 3622 1154 3707 Quibus
1178 3625 1275 3707 plane
1304 3626 1386 3691 haec
1416 3625 1535 3691 Dionis

254 3742 294 3807 (le
319 3740 464 3807 Traiano
488 3740 701 3822 respondent:
728 3747 790 3827 „up
813 3765 845 3804 τε
868 3742 953 3826 δήμῳ
977 3738 1039 3824 μετ’
1065 3741 1216 3810 ἐπιεικείας
1239 3743 1398 3824 συνεγίνετο
1426 3743 1473 3805 καὶ
1496 3750 1533 3826 τῇ

252 3859 389 3944 γερουσίᾳ
412 3865 619 3943 σεμνοπρεπῶς
641 3858 754 3942 ὡμίλει,
779 3858 925 3940 ἀγαπητὸς
947 3858 999 3941 μὲν
1022 3862 1100 3933 πᾶσι,
1129 3857 1256 3942 φοβερὸς
1279 3859 1312 3921 δὲ
1334 3860 1436 3942 μηδενὶ
1459 3861 1533 3942 πλὴν

361 4131 385 4199 ¹)
413 4131 528 4201 Eutrop.
548 4131 618 4183 Hist.
638 4147 706 4187 rom.
727 4131 799 4201 Vlll,
818 4148 840 4186 e.
859 4131 885 4183 4.

360 4223 385 4288 ²)
413 4220 874 4291 Diocass.,uxvn1,c.5§3;
904 4236 926 4272 c.
946 4219 962 4271 6
982 4224 995 4285 ς
1014 4219 1039 4272 4.

359 4309 384 4378 ³)
412 4313 514 4380 Paneg.
534 4327 556 4366 c.
576 4309 618 4364 46.

358 4398 385 4468 ⁴)
412 4402 500 4471 Epist.
520 4401 554 4452 ad
574 4401 642 4452 Pliu.
662 4401 696 4470 X,
715 4400 758 4454 86.
778 4431 811 4440 -—
832 4399 871 4453 Cf.
891 4400 998 4470 Strack,
1017 4418 1042 4470 p.
1063 4399 1105 4452 28.

359 4491 384 4558 ⁵)
412 4492 502 4560 Peter,
521 4508 548 4560 p.
567 4489 628 4542 146.
1129 4517 1132 4522 ·

357 4576 383 4646 ⁸)
411 4580 527 4650 Eutrop.
546 4579 618 4648 Vlll,
637 4578 662 4632 4.
