<?xml version="1.0" encoding="UTF-8"?>
<!DOCTYPE html PUBLIC "-//W3C//DTD XHTML 1.0 Transitional//EN"
    "http://www.w3.org/TR/xhtml1/DTD/xhtml1-transitional.dtd">
<html xmlns="http://www.w3.org/1999/xhtml" xml:lang="en" lang="en">
 <head>
  <title>
</title>
<meta http-equiv="Content-Type" content="text/html;charset=utf-8" />
  <meta name='ocr-system' content='tesseract 3.04.00' />
  <meta name='ocr-capabilities' content='ocr_page ocr_carea ocr_par ocr_line ocrx_word'/>
</head>
<body>
  <div class='ocr_page' id='page_1' title='image "./dejuvenalisvita02nagugoog_0045.png"; bbox 0 0 3456 5064; ppageno 0'>
   <div class='ocr_carea' id='block_1_1' title="bbox 185 595 1544 2552">
    <p class='ocr_par' dir='ltr' id='par_1_1' title="bbox 215 595 1496 1505">
     <span class='ocr_line' id='line_1_1' title="bbox 217 595 1496 688; baseline 0.01 -24"><span class='ocrx_word' id='word_1_1' title='bbox 217 599 365 683; x_wconf 82' lang='lat' dir='ltr'><strong>gravit-er</strong></span> <span class='ocrx_word' id='word_1_2' title='bbox 390 600 556 681; x_wconf 87' lang='lat' dir='ltr'><strong>oppressit</strong></span> <span class='ocrx_word' id='word_1_3' title='bbox 566 595 601 683; x_wconf 82' lang='lat'><strong>¹).</strong></span> <span class='ocrx_word' id='word_1_4' title='bbox 648 599 764 669; x_wconf 87' lang='lat' dir='ltr'><strong>Aurea</strong></span> <span class='ocrx_word' id='word_1_5' title='bbox 787 602 1020 670; x_wconf 75' lang='lat' dir='ltr'><strong>recitationum</strong></span> <span class='ocrx_word' id='word_1_6' title='bbox 1041 597 1136 671; x_wconf 81' lang='lat' dir='ltr'><strong>aetas</strong></span> <span class='ocrx_word' id='word_1_7' title='bbox 1160 605 1194 672; x_wconf 92' lang='lat' dir='ltr'><strong>in</strong></span> <span class='ocrx_word' id='word_1_8' title='bbox 1219 608 1311 688; x_wconf 90' lang='lat' dir='ltr'><strong>peius</strong></span> <span class='ocrx_word' id='word_1_9' title='bbox 1328 611 1446 676; x_wconf 89' lang='lat' dir='ltr'><strong>ruebat</strong></span> <span class='ocrx_word' id='word_1_10' title='bbox 1456 605 1496 687; x_wconf 77' lang='lat'><strong>²).</strong></span> 
     </span>
     <span class='ocr_line' id='line_1_2' title="bbox 216 715 1494 806; baseline 0.006 -24"><span class='ocrx_word' id='word_1_11' title='bbox 216 715 408 797; x_wconf 77' lang='lat' dir='ltr'>Sapientiae</span> <span class='ocrx_word' id='word_1_12' title='bbox 424 715 637 801; x_wconf 80' lang='lat' dir='ltr'><strong>professores,</strong></span> <span class='ocrx_word' id='word_1_13' title='bbox 662 719 822 802; x_wconf 78' lang='lat' dir='ltr'><strong>rhetores,</strong></span> <span class='ocrx_word' id='word_1_14' title='bbox 847 725 966 801; x_wconf 90' lang='lat' dir='ltr'><strong>poetae</strong></span> <span class='ocrx_word' id='word_1_15' title='bbox 984 721 1112 802; x_wconf 83' lang='lat' dir='ltr'><strong>expulsi</strong></span> <span class='ocrx_word' id='word_1_16' title='bbox 1122 719 1159 805; x_wconf 76' lang='lat'><strong>³),</strong></span> <span class='ocrx_word' id='word_1_17' title='bbox 1186 742 1248 806; x_wconf 89' lang='lat' dir='ltr'><strong>„ne</strong></span> <span class='ocrx_word' id='word_1_18' title='bbox 1265 725 1342 804; x_wconf 91' lang='lat' dir='ltr'><strong>quid</strong></span> <span class='ocrx_word' id='word_1_19' title='bbox 1359 744 1494 806; x_wconf 87' lang='lat' dir='ltr'><strong>usquam</strong></span> 
     </span>
     <span class='ocr_line' id='line_1_3' title="bbox 216 827 1495 922; baseline 0.007 -24"><span class='ocrx_word' id='word_1_20' title='bbox 216 835 387 899; x_wconf 88' lang='lat' dir='ltr'><strong>honestum</strong></span> <span class='ocrx_word' id='word_1_21' title='bbox 423 827 680 918; x_wconf 86' lang='lat' dir='ltr'><strong>occurreret“⁴).</strong></span> <span class='ocrx_word' id='word_1_22' title='bbox 729 835 776 901; x_wconf 92' lang='lat' dir='ltr'><strong>Hi</strong></span> <span class='ocrx_word' id='word_1_23' title='bbox 803 855 892 919; x_wconf 90' lang='lat' dir='ltr'><strong>vero,</strong></span> <span class='ocrx_word' id='word_1_24' title='bbox 930 837 985 920; x_wconf 93' lang='lat' dir='ltr'><strong>qui</strong></span> <span class='ocrx_word' id='word_1_25' title='bbox 1020 838 1263 922; x_wconf 86' lang='lat' dir='ltr'><strong>superfuerunt,</strong></span> <span class='ocrx_word' id='word_1_26' title='bbox 1300 859 1495 922; x_wconf 89' lang='lat' dir='ltr'><strong>quamquam</strong></span> 
     </span>
     <span class='ocr_line' id='line_1_4' title="bbox 216 949 1495 1034; baseline 0.006 -20"><span class='ocrx_word' id='word_1_27' title='bbox 216 949 348 1032; x_wconf 88' lang='lat' dir='ltr'><strong>ingenio</strong></span> <span class='ocrx_word' id='word_1_28' title='bbox 373 951 540 1033; x_wconf 88' lang='lat' dir='ltr'><strong>valebant,</strong></span> <span class='ocrx_word' id='word_1_29' title='bbox 577 950 759 1018; x_wconf 88' lang='lat' dir='ltr'><strong>miserrime</strong></span> <span class='ocrx_word' id='word_1_30' title='bbox 783 951 959 1034; x_wconf 81' lang='lat' dir='ltr'><strong>vivebant3</strong></span> <span class='ocrx_word' id='word_1_31' title='bbox 996 973 1091 1019; x_wconf 91' lang='lat' dir='ltr'><strong>nemo</strong></span> <span class='ocrx_word' id='word_1_32' title='bbox 1115 955 1201 1020; x_wconf 88' lang='lat' dir='ltr'><strong>enim</strong></span> <span class='ocrx_word' id='word_1_33' title='bbox 1236 955 1270 1021; x_wconf 92' lang='lat' dir='ltr'><strong>in</strong></span> <span class='ocrx_word' id='word_1_34' title='bbox 1301 976 1410 1024; x_wconf 85' lang='lat' dir='ltr'><strong>musas</strong></span> <span class='ocrx_word' id='word_1_35' title='bbox 1435 959 1495 1024; x_wconf 90' lang='lat' dir='ltr'><strong>boc</strong></span> 
     </span>
     <span class='ocr_line' id='line_1_5' title="bbox 217 1065 1494 1157; baseline 0.005 -25"><span class='ocrx_word' id='word_1_36' title='bbox 217 1073 365 1149; x_wconf 90' lang='lat' dir='ltr'><strong>tempore</strong></span> <span class='ocrx_word' id='word_1_37' title='bbox 389 1067 533 1134; x_wconf 86' lang='lat' dir='ltr'><strong>afflictas</strong></span> <span class='ocrx_word' id='word_1_38' title='bbox 570 1069 681 1134; x_wconf 90' lang='lat' dir='ltr'><strong>oculos</strong></span> <span class='ocrx_word' id='word_1_39' title='bbox 718 1065 949 1154; x_wconf 87' lang='lat' dir='ltr'><strong>coniciebat⁵).</strong></span> <span class='ocrx_word' id='word_1_40' title='bbox 997 1071 1068 1138; x_wconf 93' lang='lat' dir='ltr'><strong>Soli</strong></span> <span class='ocrx_word' id='word_1_41' title='bbox 1097 1069 1229 1138; x_wconf 83' lang='lat' dir='ltr'><strong>Statius</strong></span> <span class='ocrx_word' id='word_1_42' title='bbox 1253 1081 1288 1139; x_wconf 90' lang='lat' dir='ltr'><strong>et</strong></span> <span class='ocrx_word' id='word_1_43' title='bbox 1311 1073 1494 1157; x_wconf 86' lang='lat' dir='ltr'><strong>Martialis,</strong></span> 
     </span>
     <span class='ocr_line' id='line_1_6' title="bbox 216 1183 1494 1269; baseline 0.005 -21"><span class='ocrx_word' id='word_1_44' title='bbox 216 1202 297 1265; x_wconf 82' lang='lat' dir='ltr'><strong>quos</strong></span> <span class='ocrx_word' id='word_1_45' title='bbox 320 1183 546 1250; x_wconf 86' lang='lat' dir='ltr'><strong>Domitianum</strong></span> <span class='ocrx_word' id='word_1_46' title='bbox 571 1183 701 1250; x_wconf 78' lang='lat' dir='ltr'><strong>blandis</strong></span> <span class='ocrx_word' id='word_1_47' title='bbox 725 1185 879 1252; x_wconf 88' lang='lat' dir='ltr'><strong>laudibus</strong></span> <span class='ocrx_word' id='word_1_48' title='bbox 908 1187 1217 1269; x_wconf 88' lang='lat' dir='ltr'><strong>adulationibusque</strong></span> <span class='ocrx_word' id='word_1_49' title='bbox 1241 1191 1408 1256; x_wconf 89' lang='lat' dir='ltr'><strong>cumulare</strong></span> <span class='ocrx_word' id='word_1_50' title='bbox 1431 1209 1494 1256; x_wconf 91' lang='lat' dir='ltr'><strong>non</strong></span> 
     </span>
     <span class='ocr_line' id='line_1_7' title="bbox 215 1299 1495 1386; baseline 0.008 -24"><span class='ocrx_word' id='word_1_51' title='bbox 215 1299 370 1384; x_wconf 90' lang='lat' dir='ltr'><strong>pudebat,</strong></span> <span class='ocrx_word' id='word_1_52' title='bbox 396 1301 503 1368; x_wconf 90' lang='lat' dir='ltr'><strong>securi</strong></span> <span class='ocrx_word' id='word_1_53' title='bbox 527 1302 703 1385; x_wconf 84' lang='lat' dir='ltr'><strong>vivebant3</strong></span> <span class='ocrx_word' id='word_1_54' title='bbox 739 1303 797 1370; x_wconf 86' lang='lat' dir='ltr'><strong>sed</strong></span> <span class='ocrx_word' id='word_1_55' title='bbox 821 1324 861 1370; x_wconf 90' lang='lat' dir='ltr'><strong>ne</strong></span> <span class='ocrx_word' id='word_1_56' title='bbox 886 1305 936 1370; x_wconf 93' lang='lat' dir='ltr'><strong>illi</strong></span> <span class='ocrx_word' id='word_1_57' title='bbox 960 1305 1092 1386; x_wconf 90' lang='lat' dir='ltr'><strong>quidem</strong></span> <span class='ocrx_word' id='word_1_58' title='bbox 1129 1312 1217 1371; x_wconf 89' lang='lat' dir='ltr'><strong>sorte</strong></span> <span class='ocrx_word' id='word_1_59' title='bbox 1253 1326 1313 1372; x_wconf 91' lang='lat' dir='ltr'><strong>sua</strong></span> <span class='ocrx_word' id='word_1_60' title='bbox 1348 1308 1495 1373; x_wconf 88' lang='lat' dir='ltr'><strong>contenti</strong></span> 
     </span>
     <span class='ocr_line' id='line_1_8' title="bbox 215 1419 1191 1505; baseline 0.004 -21"><span class='ocrx_word' id='word_1_61' title='bbox 215 1425 312 1485; x_wconf 89' lang='lat' dir='ltr'><strong>erant</strong></span> <span class='ocrx_word' id='word_1_62' title='bbox 335 1420 440 1486; x_wconf 91' lang='lat' dir='ltr'><strong>multa</strong></span> <span class='ocrx_word' id='word_1_63' title='bbox 463 1421 523 1484; x_wconf 89' lang='lat' dir='ltr'><strong>sub</strong></span> <span class='ocrx_word' id='word_1_64' title='bbox 546 1419 637 1487; x_wconf 88' lang='lat' dir='ltr'><strong>vitae</strong></span> <span class='ocrx_word' id='word_1_65' title='bbox 661 1439 813 1486; x_wconf 88' lang='lat' dir='ltr'><strong>occasum</strong></span> <span class='ocrx_word' id='word_1_66' title='bbox 837 1420 971 1488; x_wconf 88' lang='lat' dir='ltr'><strong>duriora</strong></span> <span class='ocrx_word' id='word_1_67' title='bbox 995 1422 1144 1504; x_wconf 85' lang='lat' dir='ltr'><strong>perpessi</strong></span> <span class='ocrx_word' id='word_1_68' title='bbox 1154 1420 1191 1505; x_wconf 77' lang='lat'><strong>⁶).</strong></span> 
     </span>
    </p>

    <p class='ocr_par' dir='ltr' id='par_1_2' title="bbox 185 1531 1544 2552">
     <span class='ocr_line' id='line_1_9' title="bbox 321 1531 1494 1621; baseline 0.005 -21"><span class='ocrx_word' id='word_1_69' title='bbox 321 1535 387 1601; x_wconf 93' lang='lat' dir='ltr'><strong>His</strong></span> <span class='ocrx_word' id='word_1_70' title='bbox 416 1535 507 1600; x_wconf 90' lang='lat' dir='ltr'><strong>duris</strong></span> <span class='ocrx_word' id='word_1_71' title='bbox 539 1535 713 1618; x_wconf 88' lang='lat' dir='ltr'><strong>saevisque</strong></span> <span class='ocrx_word' id='word_1_72' title='bbox 749 1537 951 1618; x_wconf 88' lang='lat' dir='ltr'><strong>temporibus</strong></span> <span class='ocrx_word' id='word_1_73' title='bbox 965 1531 1001 1621; x_wconf 84' lang='lat'><strong>⁷),</strong></span> <span class='ocrx_word' id='word_1_74' title='bbox 1038 1557 1109 1604; x_wconf 89' lang='lat' dir='ltr'><strong>cum</strong></span> <span class='ocrx_word' id='word_1_75' title='bbox 1146 1559 1227 1621; x_wconf 93' lang='lat' dir='ltr'><strong>„per</strong></span> <span class='ocrx_word' id='word_1_76' title='bbox 1262 1538 1494 1620; x_wconf 82' lang='lat' dir='ltr'><strong>inquisitiones</strong></span> 
     </span>
     <span class='ocr_line' id='line_1_10' title="bbox 215 1633 1544 1739; baseline 0.002 -19"><span class='ocrx_word' id='word_1_77' title='bbox 215 1656 314 1722; x_wconf 91' lang='lat' dir='ltr'><strong>etiam</strong></span> <span class='ocrx_word' id='word_1_78' title='bbox 331 1643 485 1736; x_wconf 85' lang='lat' dir='ltr'><strong>loquendi</strong></span> <span class='ocrx_word' id='word_1_79' title='bbox 502 1654 721 1736; x_wconf 87' lang='lat' dir='ltr'><strong>audiendique</strong></span> <span class='ocrx_word' id='word_1_80' title='bbox 739 1654 965 1720; x_wconf 83' lang='lat' dir='ltr'><strong>commercium</strong></span> <span class='ocrx_word' id='word_1_81' title='bbox 985 1655 1173 1736; x_wconf 87' lang='lat' dir='ltr'><strong>ademptum</strong></span> <span class='ocrx_word' id='word_1_82' title='bbox 1192 1653 1301 1721; x_wconf 85' lang='lat' dir='ltr'><strong>esset“</strong></span> <span class='ocrx_word' id='word_1_83' title='bbox 1311 1653 1348 1739; x_wconf 84' lang='lat'><strong>⁸),</strong></span> <span class='ocrx_word' id='word_1_84' title='bbox 1373 1651 1495 1723; x_wconf 84' lang='lat' dir='ltr'><strong>tristis·</strong></span> <span class='ocrx_word' id='word_1_85' title='bbox 1541 1633 1544 1642; x_wconf 41' lang='lat'>¹</span> 
     </span>
     <span class='ocr_line' id='line_1_11' title="bbox 185 1769 1495 1854; baseline 0 -16"><span class='ocrx_word' id='word_1_86' title='bbox 185 1771 187 1774; x_wconf 75' lang='grc'><strong>’</strong></span> <span class='ocrx_word' id='word_1_87' title='bbox 215 1773 298 1838; x_wconf 92' lang='lat' dir='ltr'><strong>sima</strong></span> <span class='ocrx_word' id='word_1_88' title='bbox 321 1773 465 1839; x_wconf 89' lang='lat' dir='ltr'><strong>virorum</strong></span> <span class='ocrx_word' id='word_1_89' title='bbox 489 1773 645 1837; x_wconf 89' lang='lat' dir='ltr'><strong>bonorum</strong></span> <span class='ocrx_word' id='word_1_90' title='bbox 670 1772 772 1837; x_wconf 92' lang='lat' dir='ltr'><strong>Plinii</strong></span> <span class='ocrx_word' id='word_1_91' title='bbox 796 1771 947 1854; x_wconf 86' lang='lat' dir='ltr'><strong>Secundi,</strong></span> <span class='ocrx_word' id='word_1_92' title='bbox 979 1769 1100 1854; x_wconf 80' lang='lat' dir='ltr'><strong>Taciti,</strong></span> <span class='ocrx_word' id='word_1_93' title='bbox 1133 1771 1310 1838; x_wconf 86' lang='lat' dir='ltr'><strong>Juvenalis</strong></span> <span class='ocrx_word' id='word_1_94' title='bbox 1334 1771 1398 1838; x_wconf 89' lang='lat' dir='ltr'><strong>fuit</strong></span> <span class='ocrx_word' id='word_1_95' title='bbox 1421 1791 1495 1838; x_wconf 90' lang='lat' dir='ltr'><strong>con·</strong></span> 
     </span>
     <span class='ocr_line' id='line_1_12' title="bbox 206 1867 1494 1972; baseline 0.002 -20"><span class='ocrx_word' id='word_1_96' title='bbox 206 1867 307 1955; x_wconf 87' lang='lat' dir='ltr'><strong>ditio.</strong></span> <span class='ocrx_word' id='word_1_97' title='bbox 355 1887 515 1972; x_wconf 81' lang='lat' dir='ltr'><strong>Quicum</strong></span> <span class='ocrx_word' id='word_1_98' title='bbox 545 1907 606 1954; x_wconf 91' lang='lat' dir='ltr'><strong>nec</strong></span> <span class='ocrx_word' id='word_1_99' title='bbox 636 1887 765 1954; x_wconf 86' lang='lat' dir='ltr'><strong>adulari</strong></span> <span class='ocrx_word' id='word_1_100' title='bbox 797 1907 857 1954; x_wconf 91' lang='lat' dir='ltr'><strong>nec</strong></span> <span class='ocrx_word' id='word_1_101' title='bbox 880 1894 992 1953; x_wconf 89' lang='lat' dir='ltr'><strong>tacere</strong></span> <span class='ocrx_word' id='word_1_102' title='bbox 1017 1891 1162 1969; x_wconf 87' lang='lat' dir='ltr'><strong>possent,</strong></span> <span class='ocrx_word' id='word_1_103' title='bbox 1192 1887 1339 1968; x_wconf 92' lang='lat' dir='ltr'><strong>quotidie</strong></span> <span class='ocrx_word' id='word_1_104' title='bbox 1367 1888 1437 1954; x_wconf 88' lang='lat' dir='ltr'><strong>iere</strong></span> <span class='ocrx_word' id='word_1_105' title='bbox 1461 1889 1494 1954; x_wconf 93' lang='lat' dir='ltr'><strong>in</strong></span> 
     </span>
     <span class='ocr_line' id='line_1_13' title="bbox 214 2001 1493 2086; baseline -0.001 -15"><span class='ocrx_word' id='word_1_106' title='bbox 214 2023 338 2070; x_wconf 93' lang='lat' dir='ltr'><strong>summo</strong></span> <span class='ocrx_word' id='word_1_107' title='bbox 355 2003 544 2070; x_wconf 89' lang='lat' dir='ltr'><strong>discrimine</strong></span> <span class='ocrx_word' id='word_1_108' title='bbox 567 2003 698 2085; x_wconf 71' lang='lat' dir='ltr'><strong>capitis</strong></span> <span class='ocrx_word' id='word_1_109' title='bbox 724 2001 825 2084; x_wconf 84' lang='lat' dir='ltr'><strong>exilii,</strong></span> <span class='ocrx_word' id='word_1_110' title='bbox 850 2002 1066 2086; x_wconf 85' lang='lat' dir='ltr'><strong>relegationis</strong></span> <span class='ocrx_word' id='word_1_111' title='bbox 1084 2003 1314 2070; x_wconf 82' lang='lat' dir='ltr'><strong>versabantur.</strong></span> <span class='ocrx_word' id='word_1_112' title='bbox 1353 2001 1493 2083; x_wconf 69' lang='lat' dir='ltr'><strong>Plinius</strong></span> 
     </span>
     <span class='ocr_line' id='line_1_14' title="bbox 214 2117 1495 2203; baseline 0 -17"><span class='ocrx_word' id='word_1_113' title='bbox 214 2140 287 2186; x_wconf 87' lang='lat' dir='ltr'><strong>cum</strong></span> <span class='ocrx_word' id='word_1_114' title='bbox 310 2121 450 2203; x_wconf 88' lang='lat' dir='ltr'><strong>videret,</strong></span> <span class='ocrx_word' id='word_1_115' title='bbox 475 2139 559 2201; x_wconf 86' lang='lat' dir='ltr'><strong>quae</strong></span> <span class='ocrx_word' id='word_1_116' title='bbox 577 2119 760 2201; x_wconf 89' lang='lat' dir='ltr'><strong>conpendia</strong></span> <span class='ocrx_word' id='word_1_117' title='bbox 777 2118 864 2202; x_wconf 89' lang='lat' dir='ltr'><strong>apud</strong></span> <span class='ocrx_word' id='word_1_118' title='bbox 889 2118 1199 2201; x_wconf 87' lang='lat' dir='ltr'><strong>„insidiosissimum</strong></span> <span class='ocrx_word' id='word_1_119' title='bbox 1225 2117 1426 2201; x_wconf 79' lang='lat' dir='ltr'><strong>principem“</strong></span> <span class='ocrx_word' id='word_1_120' title='bbox 1452 2121 1495 2186; x_wconf 91' lang='lat' dir='ltr'><strong>ad</strong></span> 
     </span>
     <span class='ocr_line' id='line_1_15' title="bbox 213 2233 1490 2324; baseline -0.001 -21"><span class='ocrx_word' id='word_1_121' title='bbox 213 2239 353 2303; x_wconf 88' lang='lat' dir='ltr'><strong>honores</strong></span> <span class='ocrx_word' id='word_1_122' title='bbox 388 2243 557 2324; x_wconf 86' lang='lat' dir='ltr'><strong>paterent,</strong></span> <span class='ocrx_word' id='word_1_123' title='bbox 588 2236 729 2318; x_wconf 68' lang='lat' dir='ltr'><strong>longius</strong></span> <span class='ocrx_word' id='word_1_124' title='bbox 765 2241 804 2301; x_wconf 90' lang='lat' dir='ltr'><strong>ut</strong></span> <span class='ocrx_word' id='word_1_125' title='bbox 835 2236 905 2317; x_wconf 90' lang='lat' dir='ltr'><strong>ipse</strong></span> <span class='ocrx_word' id='word_1_126' title='bbox 929 2235 987 2318; x_wconf 90' lang='lat' dir='ltr'><strong>ait,</strong></span> <span class='ocrx_word' id='word_1_127' title='bbox 1024 2235 1089 2301; x_wconf 90' lang='lat' dir='ltr'><strong>iter</strong></span> <span class='ocrx_word' id='word_1_128' title='bbox 1113 2237 1231 2302; x_wconf 91' lang='lat' dir='ltr'><strong>maluit</strong></span> <span class='ocrx_word' id='word_1_129' title='bbox 1242 2233 1267 2318; x_wconf 77' lang='lat'><strong>⁹)</strong></span> <span class='ocrx_word' id='word_1_130' title='bbox 1303 2242 1490 2317; x_wconf 85' lang='lat' dir='ltr'><strong>sortemque</strong></span> 
     </span>
     <span class='ocr_line' id='line_1_16' title="bbox 213 2348 1494 2436; baseline -0.001 -17"><span class='ocrx_word' id='word_1_131' title='bbox 213 2353 406 2420; x_wconf 82' lang='lat' dir='ltr'><strong>Senecionis</strong></span> <span class='ocrx_word' id='word_1_132' title='bbox 439 2353 548 2419; x_wconf 90' lang='lat' dir='ltr'><strong>subita</strong></span> <span class='ocrx_word' id='word_1_133' title='bbox 572 2353 675 2418; x_wconf 90' lang='lat' dir='ltr'><strong>solum</strong></span> <span class='ocrx_word' id='word_1_134' title='bbox 700 2361 806 2418; x_wconf 89' lang='lat' dir='ltr'><strong>morte</strong></span> <span class='ocrx_word' id='word_1_135' title='bbox 830 2351 1015 2418; x_wconf 92' lang='lat' dir='ltr'><strong>Domitiani</strong></span> <span class='ocrx_word' id='word_1_136' title='bbox 1051 2352 1166 2434; x_wconf 86' lang='lat' dir='ltr'><strong>cffugit</strong></span> <span class='ocrx_word' id='word_1_137' title='bbox 1179 2348 1229 2436; x_wconf 83' lang='lat'><strong>¹⁰).</strong></span> <span class='ocrx_word' id='word_1_138' title='bbox 1287 2353 1361 2419; x_wconf 91' lang='lat' dir='ltr'><strong>Nec</strong></span> <span class='ocrx_word' id='word_1_139' title='bbox 1384 2352 1494 2418; x_wconf 79' lang='lat' dir='ltr'><strong>Taciti</strong></span> 
     </span>
     <span class='ocr_line' id='line_1_17' title="bbox 213 2467 1494 2552; baseline 0 -17"><span class='ocrx_word' id='word_1_140' title='bbox 213 2469 329 2535; x_wconf 89' lang='lat' dir='ltr'><strong>melior</strong></span> <span class='ocrx_word' id='word_1_141' title='bbox 352 2467 508 2535; x_wconf 89' lang='lat' dir='ltr'><strong>conditio.</strong></span> <span class='ocrx_word' id='word_1_142' title='bbox 547 2467 623 2552; x_wconf 79' lang='lat' dir='ltr'><strong>Qui,</strong></span> <span class='ocrx_word' id='word_1_143' title='bbox 648 2488 841 2551; x_wconf 92' lang='lat' dir='ltr'><strong>quamquam</strong></span> <span class='ocrx_word' id='word_1_144' title='bbox 866 2467 1027 2552; x_wconf 83' lang='lat' dir='ltr'><strong>singulari</strong></span> <span class='ocrx_word' id='word_1_145' title='bbox 1050 2467 1236 2534; x_wconf 91' lang='lat' dir='ltr'><strong>Domitiani</strong></span> <span class='ocrx_word' id='word_1_146' title='bbox 1261 2469 1494 2535; x_wconf 85' lang='lat' dir='ltr'><strong>benevolentia</strong></span> 
     </span>
    </p>
   </div>
   <div class='ocr_carea' id='block_1_2' title="bbox 212 2580 1493 3016">
    <p class='ocr_par' dir='ltr' id='par_1_3' title="bbox 212 2580 1493 3016">
     <span class='ocr_line' id='line_1_18' title="bbox 213 2580 1492 2668; baseline 0.001 -18"><span class='ocrx_word' id='word_1_147' title='bbox 213 2587 377 2668; x_wconf 89' lang='lat' dir='ltr'><strong>utebatur,</strong></span> <span class='ocrx_word' id='word_1_148' title='bbox 403 2589 513 2650; x_wconf 90' lang='lat' dir='ltr'><strong>tamen</strong></span> <span class='ocrx_word' id='word_1_149' title='bbox 531 2584 564 2651; x_wconf 93' lang='lat' dir='ltr'><strong>in</strong></span> <span class='ocrx_word' id='word_1_150' title='bbox 581 2584 689 2650; x_wconf 88' lang='lat' dir='ltr'><strong>animo</strong></span> <span class='ocrx_word' id='word_1_151' title='bbox 714 2585 900 2651; x_wconf 88' lang='lat' dir='ltr'><strong>simultates</strong></span> <span class='ocrx_word' id='word_1_152' title='bbox 917 2591 1033 2650; x_wconf 89' lang='lat' dir='ltr'><strong>contra</strong></span> <span class='ocrx_word' id='word_1_153' title='bbox 1054 2585 1233 2667; x_wconf 85' lang='lat' dir='ltr'><strong>principem</strong></span> <span class='ocrx_word' id='word_1_154' title='bbox 1259 2585 1430 2651; x_wconf 88' lang='lat' dir='ltr'><strong>nutriebat</strong></span> <span class='ocrx_word' id='word_1_155' title='bbox 1443 2580 1492 2668; x_wconf 84' lang='lat'><strong>¹¹).</strong></span> 
     </span>
     <span class='ocr_line' id='line_1_19' title="bbox 213 2699 1492 2786; baseline 0.001 -21"><span class='ocrx_word' id='word_1_156' title='bbox 213 2701 357 2766; x_wconf 88' lang='lat' dir='ltr'><strong>Tristior</strong></span> <span class='ocrx_word' id='word_1_157' title='bbox 383 2721 422 2767; x_wconf 87' lang='lat' dir='ltr'><strong>ac</strong></span> <span class='ocrx_word' id='word_1_158' title='bbox 445 2701 661 2783; x_wconf 87' lang='lat' dir='ltr'><strong>periculosior</strong></span> <span class='ocrx_word' id='word_1_159' title='bbox 683 2701 862 2769; x_wconf 86' lang='lat' dir='ltr'><strong>Juvenalis</strong></span> <span class='ocrx_word' id='word_1_160' title='bbox 887 2707 960 2768; x_wconf 89' lang='lat' dir='ltr'><strong>erat</strong></span> <span class='ocrx_word' id='word_1_161' title='bbox 984 2701 1137 2768; x_wconf 89' lang='lat' dir='ltr'><strong>conditio.</strong></span> <span class='ocrx_word' id='word_1_162' title='bbox 1192 2699 1256 2786; x_wconf 82' lang='lat' dir='ltr'><strong>Qui</strong></span> <span class='ocrx_word' id='word_1_163' title='bbox 1289 2719 1360 2767; x_wconf 82' lang='lat' dir='ltr'><strong>curn</strong></span> <span class='ocrx_word' id='word_1_164' title='bbox 1385 2720 1492 2766; x_wconf 91' lang='lat' dir='ltr'><strong>mores</strong></span> 
     </span>
     <span class='ocr_line' id='line_1_20' title="bbox 213 2815 1493 2900; baseline 0.002 -18"><span class='ocrx_word' id='word_1_165' title='bbox 213 2817 339 2883; x_wconf 87' lang='lat' dir='ltr'><strong>Romae</strong></span> <span class='ocrx_word' id='word_1_166' title='bbox 378 2815 485 2900; x_wconf 88' lang='lat' dir='ltr'><strong>magis</strong></span> <span class='ocrx_word' id='word_1_167' title='bbox 525 2815 695 2900; x_wconf 80' lang='lat' dir='ltr'><strong>magisque</strong></span> <span class='ocrx_word' id='word_1_168' title='bbox 729 2818 762 2883; x_wconf 93' lang='lat' dir='ltr'><strong>in</strong></span> <span class='ocrx_word' id='word_1_169' title='bbox 798 2817 892 2899; x_wconf 88' lang='lat' dir='ltr'><strong>peius</strong></span> <span class='ocrx_word' id='word_1_170' title='bbox 931 2837 1027 2884; x_wconf 89' lang='lat' dir='ltr'><strong>ruere</strong></span> <span class='ocrx_word' id='word_1_171' title='bbox 1059 2815 1255 2900; x_wconf 88' lang='lat' dir='ltr'><strong>civitatique</strong></span> <span class='ocrx_word' id='word_1_172' title='bbox 1293 2815 1419 2884; x_wconf 88' lang='lat' dir='ltr'><strong>nobiles</strong></span> <span class='ocrx_word' id='word_1_173' title='bbox 1453 2839 1493 2884; x_wconf 90' lang='lat' dir='ltr'><strong>ac</strong></span> 
     </span>
     <span class='ocr_line' id='line_1_21' title="bbox 212 2927 1492 3016; baseline 0.002 -18"><span class='ocrx_word' id='word_1_174' title='bbox 212 2939 423 3014; x_wconf 79' lang='lat' dir='ltr'><strong>praestantes</strong></span> <span class='ocrx_word' id='word_1_175' title='bbox 454 2933 582 3000; x_wconf 86' lang='lat' dir='ltr'><strong>animas</strong></span> <span class='ocrx_word' id='word_1_176' title='bbox 607 2933 759 3016; x_wconf 77' lang='lat' dir='ltr'><strong>„impone</strong></span> <span class='ocrx_word' id='word_1_177' title='bbox 789 2927 985 3016; x_wconf 85' lang='lat' dir='ltr'><strong>auferri“¹²)</strong></span> <span class='ocrx_word' id='word_1_178' title='bbox 1010 2933 1309 3016; x_wconf 87' lang='lat' dir='ltr'><strong>aninmdverteret‚</strong></span> <span class='ocrx_word' id='word_1_179' title='bbox 1341 2935 1492 3000; x_wconf 86' lang='lat' dir='ltr'><strong>adcola-</strong></span> 
     </span>
    </p>
   </div>
   <div class='ocr_carea' id='block_1_3' title="bbox 212 3111 533 3120">
    <p class='ocr_par' dir='ltr' id='par_1_4' title="bbox 212 3111 533 3120">
     <span class='ocr_line' id='line_1_22' title="bbox 212 3111 533 3120; baseline 0 -2"><span class='ocrx_word' id='word_1_180' title='bbox 212 3111 533 3120; x_wconf 42' lang='lat' dir='ltr'>—ss———ss—-a</span> 
     </span>
    </p>
   </div>
   <div class='ocr_carea' id='block_1_4' title="bbox 195 3219 1490 4190">
    <p class='ocr_par' dir='ltr' id='par_1_5' title="bbox 195 3219 1490 4190">
     <span class='ocr_line' id='line_1_23' title="bbox 321 3219 1490 3294; baseline 0 -17"><span class='ocrx_word' id='word_1_181' title='bbox 321 3225 344 3291; x_wconf 81' lang='lat'><strong>¹)</strong></span> <span class='ocrx_word' id='word_1_182' title='bbox 371 3222 410 3278; x_wconf 83' lang='lat' dir='ltr'><strong>cf.</strong></span> <span class='ocrx_word' id='word_1_183' title='bbox 439 3220 531 3294; x_wconf 79' lang='lat' dir='ltr'><strong>donin,</strong></span> <span class='ocrx_word' id='word_1_184' title='bbox 560 3223 597 3276; x_wconf 87' lang='lat' dir='ltr'><strong>La</strong></span> <span class='ocrx_word' id='word_1_185' title='bbox 624 3223 715 3294; x_wconf 77' lang='lat' dir='ltr'><strong>poesie</strong></span> <span class='ocrx_word' id='word_1_186' title='bbox 743 3227 769 3276; x_wconf 86' lang='lat' dir='ltr'><strong>et</strong></span> <span class='ocrx_word' id='word_1_187' title='bbox 796 3221 963 3293; x_wconf 78' lang='lat' dir='ltr'><strong>l&#39;dloquenoo</strong></span> <span class='ocrx_word' id='word_1_188' title='bbox 990 3219 1112 3278; x_wconf 71' lang='lat' dir='ltr'><strong>illotus</strong></span> <span class='ocrx_word' id='word_1_189' title='bbox 1138 3239 1174 3277; x_wconf 86' lang='lat' dir='ltr'><strong>ou</strong></span> <span class='ocrx_word' id='word_1_190' title='bbox 1202 3229 1288 3293; x_wconf 88' lang='lat' dir='ltr'><strong>temps</strong></span> <span class='ocrx_word' id='word_1_191' title='bbox 1316 3223 1363 3276; x_wconf 88' lang='lat' dir='ltr'><strong>des</strong></span> <span class='ocrx_word' id='word_1_192' title='bbox 1387 3224 1490 3278; x_wconf 74' lang='lat' dir='ltr'><strong>Sesars,</strong></span> 
     </span>
     <span class='ocr_line' id='line_1_24' title="bbox 209 3310 892 3385; baseline -0.006 -18"><span class='ocrx_word' id='word_1_193' title='bbox 209 3316 295 3385; x_wconf 84' lang='lat' dir='ltr'><strong>Paris,</strong></span> <span class='ocrx_word' id='word_1_194' title='bbox 315 3313 385 3367; x_wconf 86' lang='grc'>1864</span> <span class='ocrx_word' id='word_1_195' title='bbox 403 3329 429 3384; x_wconf 87' lang='lat' dir='ltr'><strong>p.</strong></span> <span class='ocrx_word' id='word_1_196' title='bbox 449 3313 598 3366; x_wconf 58' lang='lat'><strong>2464247.</strong></span> <span class='ocrx_word' id='word_1_197' title='bbox 618 3341 652 3352; x_wconf 80' lang='lat'><strong>-</strong></span> <span class='ocrx_word' id='word_1_198' title='bbox 672 3311 770 3383; x_wconf 75' lang='lat' dir='ltr'><strong>Imlrol&#39;,</strong></span> <span class='ocrx_word' id='word_1_199' title='bbox 788 3331 814 3383; x_wconf 90' lang='lat' dir='ltr'><strong>p.</strong></span> <span class='ocrx_word' id='word_1_200' title='bbox 834 3310 892 3365; x_wconf 79' lang='grc'><strong>136.</strong></span> 
     </span>
     <span class='ocr_line' id='line_1_25' title="bbox 195 3401 542 3473; baseline 0.003 -18"><span class='ocrx_word' id='word_1_201' title='bbox 195 3404 201 3416; x_wconf 93' lang='grc'><strong>“</strong></span> <span class='ocrx_word' id='word_1_202' title='bbox 316 3405 340 3471; x_wconf 82' lang='lat'><strong>²)</strong></span> <span class='ocrx_word' id='word_1_203' title='bbox 368 3401 466 3473; x_wconf 84' lang='lat' dir='ltr'><strong>Imhoi,</strong></span> <span class='ocrx_word' id='word_1_204' title='bbox 484 3405 501 3456; x_wconf 95' lang='lat' dir='ltr'><strong>l.</strong></span> <span class='ocrx_word' id='word_1_205' title='bbox 521 3420 542 3456; x_wconf 90' lang='lat' dir='ltr'><strong>c.</strong></span> 
     </span>
     <span class='ocr_line' id='line_1_26' title="bbox 317 3490 879 3564; baseline 0 -18"><span class='ocrx_word' id='word_1_206' title='bbox 317 3492 328 3525; x_wconf 84' lang='lat'><strong>³</strong></span> <span class='ocrx_word' id='word_1_207' title='bbox 370 3491 447 3564; x_wconf 78' lang='lat' dir='ltr'><strong>ibid,</strong></span> <span class='ocrx_word' id='word_1_208' title='bbox 465 3511 491 3563; x_wconf 92' lang='lat' dir='ltr'><strong>p.</strong></span> <span class='ocrx_word' id='word_1_209' title='bbox 511 3494 562 3545; x_wconf 78' lang='lat'><strong>102</strong></span> <span class='ocrx_word' id='word_1_210' title='bbox 582 3509 621 3563; x_wconf 89' lang='lat' dir='ltr'><strong>sq.</strong></span> <span class='ocrx_word' id='word_1_211' title='bbox 659 3493 753 3563; x_wconf 88' lang='lat' dir='ltr'><strong>Zeller,</strong></span> <span class='ocrx_word' id='word_1_212' title='bbox 772 3509 798 3563; x_wconf 93' lang='lat' dir='ltr'><strong>p.</strong></span> <span class='ocrx_word' id='word_1_213' title='bbox 818 3490 879 3546; x_wconf 88' lang='lat'><strong>183.</strong></span> 
     </span>
     <span class='ocr_line' id='line_1_27' title="bbox 367 3583 628 3655; baseline 0 -19"><span class='ocrx_word' id='word_1_214' title='bbox 367 3583 429 3638; x_wconf 89' lang='lat' dir='ltr'><strong>Tac.</strong></span> <span class='ocrx_word' id='word_1_215' title='bbox 450 3585 543 3655; x_wconf 83' lang='lat' dir='ltr'><strong>Agric.</strong></span> <span class='ocrx_word' id='word_1_216' title='bbox 563 3601 584 3637; x_wconf 90' lang='lat' dir='ltr'><strong>c.</strong></span> <span class='ocrx_word' id='word_1_217' title='bbox 603 3583 628 3636; x_wconf 84' lang='lat'><strong>2.</strong></span> 
     </span>
     <span class='ocr_line' id='line_1_28' title="bbox 367 3673 588 3744; baseline 0.009 -20"><span class='ocrx_word' id='word_1_218' title='bbox 367 3674 464 3744; x_wconf 87' lang='lat' dir='ltr'><strong>Imhos,</strong></span> <span class='ocrx_word' id='word_1_219' title='bbox 483 3691 508 3744; x_wconf 88' lang='lat' dir='ltr'><strong>p.</strong></span> <span class='ocrx_word' id='word_1_220' title='bbox 528 3673 588 3726; x_wconf 82' lang='lat'><strong>139.</strong></span> 
     </span>
     <span class='ocr_line' id='line_1_29' title="bbox 368 3763 631 3834; baseline -0.004 -19"><span class='ocrx_word' id='word_1_221' title='bbox 368 3764 416 3834; x_wconf 78' lang='lat' dir='ltr'><strong>ld,</strong></span> <span class='ocrx_word' id='word_1_222' title='bbox 435 3780 460 3832; x_wconf 92' lang='lat' dir='ltr'><strong>p.</strong></span> <span class='ocrx_word' id='word_1_223' title='bbox 481 3763 631 3815; x_wconf 73' lang='lat'><strong>137-138.</strong></span> 
     </span>
     <span class='ocr_line' id='line_1_30' title="bbox 366 3849 1487 3922; baseline -0.003 -17"><span class='ocrx_word' id='word_1_224' title='bbox 366 3853 428 3906; x_wconf 86' lang='lat' dir='ltr'><strong>Juv.</strong></span> <span class='ocrx_word' id='word_1_225' title='bbox 448 3853 562 3922; x_wconf 85' lang='lat' dir='ltr'><strong>Sath,</strong></span> <span class='ocrx_word' id='word_1_226' title='bbox 581 3853 628 3904; x_wconf 88' lang='lat'><strong>80:</strong></span> <span class='ocrx_word' id='word_1_227' title='bbox 659 3852 744 3919; x_wconf 82' lang='lat' dir='ltr'><strong>„dura</strong></span> <span class='ocrx_word' id='word_1_228' title='bbox 763 3855 917 3922; x_wconf 77' lang='lat' dir='ltr'><strong>tempora“3</strong></span> <span class='ocrx_word' id='word_1_229' title='bbox 945 3849 1020 3920; x_wconf 80' lang='lat' dir='ltr'><strong>ibid,</strong></span> <span class='ocrx_word' id='word_1_230' title='bbox 1039 3861 1065 3902; x_wconf 71' lang='lat' dir='ltr'><strong>r.</strong></span> <span class='ocrx_word' id='word_1_231' title='bbox 1080 3849 1143 3902; x_wconf 86' lang='lat'>151:</span> <span class='ocrx_word' id='word_1_232' title='bbox 1175 3855 1314 3918; x_wconf 84' lang='lat' dir='ltr'><strong>„tempora</strong></span> <span class='ocrx_word' id='word_1_233' title='bbox 1332 3851 1487 3903; x_wconf 84' lang='lat' dir='ltr'><strong>saevitiae.“</strong></span> 
     </span>
     <span class='ocr_line' id='line_1_31' title="bbox 366 3936 1387 4012; baseline -0.003 -17"><span class='ocrx_word' id='word_1_234' title='bbox 366 3936 430 3996; x_wconf 60' lang='lat' dir='ltr'><strong>Tac.</strong></span> <span class='ocrx_word' id='word_1_235' title='bbox 447 3943 515 4012; x_wconf 85' lang='lat' dir='ltr'><strong>Agr.</strong></span> <span class='ocrx_word' id='word_1_236' title='bbox 535 3959 556 3994; x_wconf 90' lang='lat' dir='ltr'><strong>c.</strong></span> <span class='ocrx_word' id='word_1_237' title='bbox 576 3943 601 3994; x_wconf 87' lang='lat'><strong>2.</strong></span> <span class='ocrx_word' id='word_1_238' title='bbox 1386 3951 1387 3955; x_wconf 73' lang='grc'>’</span> 
     </span>
     <span class='ocr_line' id='line_1_32' title="bbox 366 4029 1368 4103; baseline -0.003 -19"><span class='ocrx_word' id='word_1_239' title='bbox 366 4033 436 4085; x_wconf 89' lang='lat' dir='ltr'><strong>Plin.</strong></span> <span class='ocrx_word' id='word_1_240' title='bbox 456 4035 556 4103; x_wconf 85' lang='lat' dir='ltr'><strong>Paneg.</strong></span> <span class='ocrx_word' id='word_1_241' title='bbox 576 4049 597 4084; x_wconf 91' lang='lat' dir='ltr'><strong>c.</strong></span> <span class='ocrx_word' id='word_1_242' title='bbox 617 4032 659 4084; x_wconf 81' lang='lat'><strong>95.</strong></span> <span class='ocrx_word' id='word_1_243' title='bbox 680 4063 713 4071; x_wconf 93' lang='lat'><em>-</em></span> <span class='ocrx_word' id='word_1_244' title='bbox 734 4033 893 4101; x_wconf 83' lang='lat' dir='ltr'><strong>Mommsen,</strong></span> <span class='ocrx_word' id='word_1_245' title='bbox 912 4033 942 4083; x_wconf 91' lang='lat' dir='ltr'><strong>in</strong></span> <span class='ocrx_word' id='word_1_246' title='bbox 961 4031 1054 4083; x_wconf 88' lang='lat' dir='ltr'><strong>Herm.</strong></span> <span class='ocrx_word' id='word_1_247' title='bbox 1073 4030 1121 4100; x_wconf 90' lang='lat' dir='ltr'><strong>Ill,</strong></span> <span class='ocrx_word' id='word_1_248' title='bbox 1141 4029 1211 4082; x_wconf 82' lang='lat'><strong>1868</strong></span> <span class='ocrx_word' id='word_1_249' title='bbox 1230 4047 1256 4100; x_wconf 89' lang='lat' dir='ltr'><strong>p.</strong></span> <span class='ocrx_word' id='word_1_250' title='bbox 1276 4029 1311 4082; x_wconf 81' lang='lat'><strong>84</strong></span> <span class='ocrx_word' id='word_1_251' title='bbox 1329 4046 1368 4099; x_wconf 88' lang='lat' dir='ltr'><strong>sq.</strong></span> 
     </span>
     <span class='ocr_line' id='line_1_33' title="bbox 367 4121 1267 4190; baseline -0.002 -15"><span class='ocrx_word' id='word_1_252' title='bbox 367 4123 429 4176; x_wconf 89' lang='lat' dir='ltr'><strong>Vid.</strong></span> <span class='ocrx_word' id='word_1_253' title='bbox 448 4123 510 4175; x_wconf 93' lang='lat' dir='ltr'><strong>libr.</strong></span> <span class='ocrx_word' id='word_1_254' title='bbox 530 4139 623 4174; x_wconf 90' lang='lat' dir='ltr'><strong>meum</strong></span> <span class='ocrx_word' id='word_1_255' title='bbox 641 4122 674 4174; x_wconf 88' lang='lat' dir='ltr'><strong>de</strong></span> <span class='ocrx_word' id='word_1_256' title='bbox 692 4121 834 4186; x_wconf 87' lang='lat' dir='ltr'><strong>Juvenalis</strong></span> <span class='ocrx_word' id='word_1_257' title='bbox 853 4123 937 4173; x_wconf 88' lang='lat' dir='ltr'><strong>satira</strong></span> <span class='ocrx_word' id='word_1_258' title='bbox 955 4122 1053 4190; x_wconf 89' lang='lat' dir='ltr'><strong>prima,</strong></span> <span class='ocrx_word' id='word_1_259' title='bbox 1072 4138 1098 4190; x_wconf 90' lang='lat' dir='ltr'><strong>p.</strong></span> <span class='ocrx_word' id='word_1_260' title='bbox 1118 4121 1267 4173; x_wconf 76' lang='lat' dir='ltr'><strong>tta-113.</strong></span> 
     </span>
    </p>
   </div>
   <div class='ocr_carea' id='block_1_5' title="bbox 328 3497 342 3560">
    <p class='ocr_par' dir='ltr' id='par_1_6' title="bbox 328 3497 342 3560">
     <span class='ocr_line' id='line_1_34' title="bbox 328 3497 342 3560; textangle 90"><span class='ocrx_word' id='word_1_261' title='bbox 328 3497 342 3560; x_wconf 48' lang='grc' dir='ltr'>ψ</span> 
     </span>
    </p>
   </div>
   <div class='ocr_carea' id='block_1_6' title="bbox 315 3583 325 3616">
    <p class='ocr_par' dir='ltr' id='par_1_7' title="bbox 315 3583 325 3616">
     <span class='ocr_line' id='line_1_35' title="bbox 315 3583 325 3616; baseline 0 0"><span class='ocrx_word' id='word_1_262' title='bbox 315 3583 325 3616; x_wconf 70' lang='lat' dir='ltr'><strong>d</strong></span> 
     </span>
    </p>
   </div>
   <div class='ocr_carea' id='block_1_7' title="bbox 327 3587 341 3651">
    <p class='ocr_par' dir='ltr' id='par_1_8' title="bbox 327 3587 341 3651">
     <span class='ocr_line' id='line_1_36' title="bbox 327 3587 341 3651; textangle 90"><span class='ocrx_word' id='word_1_263' title='bbox 327 3587 341 3651; x_wconf 45' lang='grc' dir='ltr'><em>Η</em></span> 
     </span>
    </p>
   </div>
   <div class='ocr_carea' id='block_1_8' title="bbox 315 3675 325 3707">
    <p class='ocr_par' dir='ltr' id='par_1_9' title="bbox 315 3675 325 3707">
     <span class='ocr_line' id='line_1_37' title="bbox 315 3675 325 3707; baseline 0 -1"><span class='ocrx_word' id='word_1_264' title='bbox 315 3675 325 3707; x_wconf 77' lang='lat'><strong>5</strong></span> 
     </span>
    </p>
   </div>
   <div class='ocr_carea' id='block_1_9' title="bbox 326 3677 339 3740">
    <p class='ocr_par' dir='ltr' id='par_1_10' title="bbox 326 3677 339 3740">
     <span class='ocr_line' id='line_1_38' title="bbox 326 3677 339 3740; textangle 90"><span class='ocrx_word' id='word_1_265' title='bbox 326 3677 339 3740; x_wconf 43' lang='grc' dir='ltr'><em>ψ</em></span> 
     </span>
    </p>
   </div>
   <div class='ocr_carea' id='block_1_10' title="bbox 315 3852 324 3884">
    <p class='ocr_par' dir='ltr' id='par_1_11' title="bbox 315 3852 324 3884">
     <span class='ocr_line' id='line_1_39' title="bbox 315 3852 324 3884; textangle 90"><span class='ocrx_word' id='word_1_266' title='bbox 315 3852 324 3884; x_wconf 65' lang='grc' dir='ltr'><strong>-ι</strong></span> 
     </span>
    </p>
   </div>
   <div class='ocr_carea' id='block_1_11' title="bbox 314 3763 340 3920">
    <p class='ocr_par' dir='ltr' id='par_1_12' title="bbox 314 3763 340 3920">
     <span class='ocr_line' id='line_1_40' title="bbox 314 3763 340 3920; textangle 90"><span class='ocrx_word' id='word_1_267' title='bbox 314 3763 340 3920; x_wconf 40' lang='grc' dir='ltr'><strong>ῊῌΦ</strong></span> 
     </span>
    </p>
   </div>
   <div class='ocr_carea' id='block_1_12' title="bbox 312 3943 325 4065">
    <p class='ocr_par' dir='ltr' id='par_1_13' title="bbox 312 3943 325 4065">
     <span class='ocr_line' id='line_1_41' title="bbox 312 3943 325 4065; textangle 90"><span class='ocrx_word' id='word_1_268' title='bbox 312 3943 325 4065; x_wconf 51' lang='grc' dir='ltr'><strong>ΘΞ</strong></span> 
     </span>
    </p>
   </div>
   <div class='ocr_carea' id='block_1_13' title="bbox 304 4122 325 4155">
    <p class='ocr_par' dir='ltr' id='par_1_14' title="bbox 304 4122 325 4155">
     <span class='ocr_line' id='line_1_42' title="bbox 304 4122 325 4155; baseline 0 0"><span class='ocrx_word' id='word_1_269' title='bbox 304 4122 325 4155; x_wconf 82' lang='grc'><strong>10</strong></span> 
     </span>
    </p>
   </div>
   <div class='ocr_carea' id='block_1_14' title="bbox 326 4127 339 4190">
    <p class='ocr_par' dir='ltr' id='par_1_15' title="bbox 326 4127 339 4190">
     <span class='ocr_line' id='line_1_43' title="bbox 326 4127 339 4190; textangle 90"><span class='ocrx_word' id='word_1_270' title='bbox 326 4127 339 4190; x_wconf 47' lang='grc' dir='ltr'>ψ</span> 
     </span>
    </p>
   </div>
   <div class='ocr_carea' id='block_1_15' title="bbox 302 4210 1488 4281">
    <p class='ocr_par' dir='ltr' id='par_1_16' title="bbox 302 4210 1488 4281">
     <span class='ocr_line' id='line_1_44' title="bbox 302 4210 1488 4281; baseline -0.003 -17"><span class='ocrx_word' id='word_1_271' title='bbox 302 4213 337 4279; x_wconf 85' lang='lat'><strong>¹¹)</strong></span> <span class='ocrx_word' id='word_1_272' title='bbox 364 4213 421 4266; x_wconf 89' lang='lat' dir='ltr'><strong>Hoc</strong></span> <span class='ocrx_word' id='word_1_273' title='bbox 439 4215 522 4265; x_wconf 83' lang='lat' dir='ltr'><strong>eliusa</strong></span> <span class='ocrx_word' id='word_1_274' title='bbox 540 4213 652 4281; x_wconf 86' lang='lat' dir='ltr'><strong>laetitia,</strong></span> <span class='ocrx_word' id='word_1_275' title='bbox 672 4227 727 4280; x_wconf 90' lang='lat' dir='ltr'><strong>qua</strong></span> <span class='ocrx_word' id='word_1_276' title='bbox 745 4211 854 4263; x_wconf 87' lang='lat' dir='ltr'><strong>Tacitus</strong></span> <span class='ocrx_word' id='word_1_277' title='bbox 873 4210 1031 4263; x_wconf 88' lang='lat' dir='ltr'><strong>Domitiano</strong></span> <span class='ocrx_word' id='word_1_278' title='bbox 1050 4211 1192 4262; x_wconf 85' lang='lat' dir='ltr'><strong>interiecto</strong></span> <span class='ocrx_word' id='word_1_279' title='bbox 1211 4211 1299 4261; x_wconf 90' lang='lat' dir='ltr'><strong>initiis</strong></span> <span class='ocrx_word' id='word_1_280' title='bbox 1318 4210 1488 4278; x_wconf 88' lang='lat' dir='ltr'><strong>principatus</strong></span> 
     </span>
    </p>
   </div>
   <div class='ocr_carea' id='block_1_16' title="bbox 203 4299 1489 4552">
    <p class='ocr_par' dir='ltr' id='par_1_17' title="bbox 203 4299 1489 4552">
     <span class='ocr_line' id='line_1_45' title="bbox 205 4299 1417 4376; baseline -0.005 -21"><span class='ocrx_word' id='word_1_281' title='bbox 205 4303 310 4356; x_wconf 84' lang='lat' dir='ltr'><strong>Nervae</strong></span> <span class='ocrx_word' id='word_1_282' title='bbox 328 4302 527 4373; x_wconf 86' lang='lat' dir='ltr'><strong>gratulabatur,</strong></span> <span class='ocrx_word' id='word_1_283' title='bbox 546 4301 737 4370; x_wconf 88' lang='lat' dir='ltr'><strong>comprobatur</strong></span> <span class='ocrx_word' id='word_1_284' title='bbox 755 4300 837 4370; x_wconf 88' lang='lat' dir='ltr'><strong>(Agr.</strong></span> <span class='ocrx_word' id='word_1_285' title='bbox 857 4317 879 4353; x_wconf 92' lang='lat' dir='ltr'><strong>c.</strong></span> <span class='ocrx_word' id='word_1_286' title='bbox 898 4299 937 4366; x_wconf 82' lang='lat'><strong>3).</strong></span> <span class='ocrx_word' id='word_1_287' title='bbox 1415 4372 1417 4376; x_wconf 56' lang='lat'><strong>.</strong></span> 
     </span>
     <span class='ocr_line' id='line_1_46' title="bbox 303 4386 1489 4462; baseline -0.006 -17"><span class='ocrx_word' id='word_1_288' title='bbox 303 4393 339 4460; x_wconf 84' lang='lat'><strong>¹²)</strong></span> <span class='ocrx_word' id='word_1_289' title='bbox 366 4391 405 4445; x_wconf 82' lang='lat' dir='ltr'><strong>Ol&#39;.</strong></span> <span class='ocrx_word' id='word_1_290' title='bbox 419 4391 472 4444; x_wconf 88' lang='lat' dir='ltr'><strong>Sat.</strong></span> <span class='ocrx_word' id='word_1_291' title='bbox 486 4392 533 4462; x_wconf 85' lang='lat' dir='ltr'><strong>lv,</strong></span> <span class='ocrx_word' id='word_1_292' title='bbox 553 4391 709 4443; x_wconf 83' lang='lat'>150-152:</span> <span class='ocrx_word' id='word_1_293' title='bbox 739 4389 847 4458; x_wconf 83' lang='lat' dir='ltr'><strong>„Atque</strong></span> <span class='ocrx_word' id='word_1_294' title='bbox 860 4391 967 4441; x_wconf 87' lang='lat' dir='ltr'><strong>utinam</strong></span> <span class='ocrx_word' id='word_1_295' title='bbox 981 4389 1024 4442; x_wconf 89' lang='lat' dir='ltr'><strong>his</strong></span> <span class='ocrx_word' id='word_1_296' title='bbox 1036 4391 1127 4459; x_wconf 88' lang='lat' dir='ltr'><strong>potius</strong></span> <span class='ocrx_word' id='word_1_297' title='bbox 1140 4390 1222 4458; x_wconf 85' lang='lat' dir='ltr'><strong>nugis</strong></span> <span class='ocrx_word' id='word_1_298' title='bbox 1236 4392 1291 4441; x_wconf 86' lang='lat' dir='ltr'><strong>tcta</strong></span> <span class='ocrx_word' id='word_1_299' title='bbox 1305 4388 1354 4440; x_wconf 83' lang='lat' dir='ltr'><strong>illa</strong></span> <span class='ocrx_word' id='word_1_300' title='bbox 1372 4386 1489 4440; x_wconf 88' lang='lat' dir='ltr'><strong>dedisset</strong></span> 
     </span>
     <span class='ocr_line' id='line_1_47' title="bbox 203 4479 1489 4552; baseline -0.007 -16"><span class='ocrx_word' id='word_1_301' title='bbox 203 4483 338 4552; x_wconf 79' lang='lat' dir='ltr'><strong>Tempora</strong></span> <span class='ocrx_word' id='word_1_302' title='bbox 363 4484 501 4550; x_wconf 83' lang='lat' dir='ltr'><strong>saevitiae,</strong></span> <span class='ocrx_word' id='word_1_303' title='bbox 529 4481 617 4533; x_wconf 85' lang='lat' dir='ltr'><strong>claras</strong></span> <span class='ocrx_word' id='word_1_304' title='bbox 640 4479 740 4550; x_wconf 90' lang='lat' dir='ltr'><strong>quibus</strong></span> <span class='ocrx_word' id='word_1_305' title='bbox 764 4479 877 4533; x_wconf 86' lang='lat' dir='ltr'><strong>abstulit</strong></span> <span class='ocrx_word' id='word_1_306' title='bbox 900 4479 963 4533; x_wconf 92' lang='lat' dir='ltr'><strong>urbi</strong></span> <span class='ocrx_word' id='word_1_307' title='bbox 988 4479 1165 4548; x_wconf 89' lang='lat' dir='ltr'><strong>illustresque</strong></span> <span class='ocrx_word' id='word_1_308' title='bbox 1189 4480 1294 4530; x_wconf 89' lang='lat' dir='ltr'><strong>animas</strong></span> <span class='ocrx_word' id='word_1_309' title='bbox 1324 4479 1438 4546; x_wconf 89' lang='lat' dir='ltr'><strong>impune</strong></span> <span class='ocrx_word' id='word_1_310' title='bbox 1462 4482 1489 4528; x_wconf 89' lang='lat' dir='ltr'><strong>ot</strong></span> 
     </span>
    </p>
   </div>
   <div class='ocr_carea' id='block_1_17' title="bbox 203 4573 436 4626">
    <p class='ocr_par' dir='ltr' id='par_1_18' title="bbox 203 4573 436 4626">
     <span class='ocr_line' id='line_1_48' title="bbox 203 4573 436 4626; baseline -0.004 -1"><span class='ocrx_word' id='word_1_311' title='bbox 203 4574 310 4626; x_wconf 86' lang='lat' dir='ltr'><strong>vindice</strong></span> <span class='ocrx_word' id='word_1_312' title='bbox 328 4573 436 4625; x_wconf 87' lang='lat' dir='ltr'><strong>nullol“</strong></span> 
     </span>
    </p>
   </div>
   <div class='ocr_carea' id='block_1_18' title="bbox 265 4673 1307 4752">
    <p class='ocr_par' dir='ltr' id='par_1_19' title="bbox 265 4673 1307 4752">
     <span class='ocr_line' id='line_1_49' title="bbox 265 4673 1307 4752; baseline -0.009 -12"><span class='ocrx_word' id='word_1_313' title='bbox 265 4697 435 4752; x_wconf 73' lang='lat' dir='ltr'><strong>Naguiewskl,</strong></span> <span class='ocrx_word' id='word_1_314' title='bbox 451 4697 487 4739; x_wconf 85' lang='lat' dir='ltr'><strong>De</strong></span> <span class='ocrx_word' id='word_1_315' title='bbox 502 4695 557 4738; x_wconf 79' lang='grc' dir='ltr'><strong>,ΙιινΙ</strong></span> <span class='ocrx_word' id='word_1_316' title='bbox 573 4695 631 4738; x_wconf 85' lang='lat' dir='ltr'><strong>vita.</strong></span> <span class='ocrx_word' id='word_1_317' title='bbox 1291 4673 1307 4726; x_wconf 87' lang='grc'><strong>3</strong></span> 
     </span>
    </p>
   </div>
   <div class='ocr_carea' id='block_1_19' title="bbox 0 0 1732 5064">
    <p class='ocr_par' dir='ltr' id='par_1_20' title="bbox 0 0 1732 5064">
     <span class='ocr_line' id='line_1_50' title="bbox 0 0 1732 5064; baseline 0 2"><span class='ocrx_word' id='word_1_318' title='bbox 0 0 1732 5064; x_wconf 95' lang='lat' dir='ltr'><strong> </strong></span> 
     </span>
    </p>
   </div>
  </div>
 </body>
</html>
