3456 5064
836 368 876 428 14

746 453 958 461 m

214 575 372 656 scriptam
397 594 469 640 esse
492 594 588 656 posse
613 580 754 657 apparet
765 571 799 659 ¹),
831 595 895 642 non
919 575 1081 656 estquod
1105 575 1243 640 satiram
1268 575 1380 656 XIII,
1410 593 1493 656 quae

214 696 334 756 natura
357 709 417 756 sua
439 689 573 771 propius
598 691 639 755 ad
664 692 734 759 XV
758 711 854 772 quam
879 691 920 758 ad
943 691 1034 758 XIV
1058 686 1232 774 accedit2),
1257 709 1375 758 novem
1398 691 1493 756 armis

214 811 293 870 ante
317 807 453 871 satiram
479 807 549 874 XV
574 805 795 887 conscriptam
820 807 1020 872 coniciamus
1031 805 1066 887 ³).
1114 807 1232 888 Itaque
1256 806 1391 872 tertiam
1408 805 1494 872 deci·

215 941 300 987 mam
330 920 465 987 satiram
496 927 572 1002 post
595 928 785 1002 sequentem
816 923 972 1004 script-um
1004 943 1077 990 esse
1102 922 1231 1004 opinari
1256 917 1377 1006 lieet4),
1402 943 1494 1004 prae-

215 1039 328 1104 sertim
353 1039 381 1103 si
405 1038 657 1121 consideremus
683 1039 813 1121 singula
836 1041 870 1105 in
895 1040 1009 1106 ultimo
1033 1040 1116 1105 libro
1142 1039 1289 1106 carmina
1313 1044 1390 1122 post
1410 1059 1494 1104 mor·

215 1159 281 1218 tem
305 1160 422 1234 poetae
452 1153 551 1220 aliter
580 1153 723 1220 fortasse
755 1163 854 1236 atque
883 1175 969 1221 nunc
998 1156 1161 1237 dIsposita
1183 1157 1285 1222 iuisse
1296 1151 1331 1237 ⁵).
1388 1154 1492 1240 Quam

216 1271 257 1335 ob
285 1289 352 1350 rem
382 1270 409 1335 si
437 1288 500 1336 nou
532 1271 634 1336 solum
666 1270 890 1354 coniecturae,
923 1271 981 1337 sed
1013 1271 1147 1338 maioris
1176 1271 1306 1353 quidem
1340 1272 1494 1338 momenti

216 1392 413 1467 argumenta
436 1386 571 1452 satiram
589 1387 685 1451 XIII
710 1406 783 1452 arm.
810 1407 841 1469 p.
858 1388 935 1454 (ihr.
953 1408 984 1454 n.
1006 1394 1064 1453 127
1084 1394 1253 1454 exaratam
1275 1407 1348 1452 esse
1365 1388 1495 1453 demon-

214 1505 343 1583 strant,
379 1521 444 1567 non
475 1508 527 1567 est
557 1502 642 1581 quod
671 1501 848 1568 editionem
879 1503 950 1569 eius
979 1523 1080 1585 usque
1112 1503 1154 1568 ad
1178 1523 1298 1569 annum
1325 1509 1387 1569 119
1412 1503 1495 1569 refe·

216 1635 336 1683 ramus
394 1616 471 1682 Jam
503 1616 531 1682 si
560 1616 821 1700 consideremuS,
857 1620 882 1684 J
886 1621 1055 1685 uvenalem
1086 1619 1227 1685 omnium
1255 1619 1325 1685 fere
1349 1620 1495 1686 vitarum

217 1753 376 1801 consensu
406 1731 695 1817 „octogenarium“
726 1734 797 1800 fato
831 1736 1050 1813 concessisse,
1085 1756 1221 1802 necesse
1254 1737 1319 1802 erit
1351 1737 1496 1802 natalem

217 1851 286 1917 eius
310 1851 352 1917 ad
376 1850 644 1932 quadragesimos
668 1857 744 1932 post
768 1851 844 1918 Chr.
869 1872 972 1920 annos
1001 1853 1193 1920 referamus.
1250 1853 1342 1939 Quae
1367 1873 1496 1935 compu-

217 1966 301 2034 tatio
325 1965 455 2032 0mnino
481 1965 634 2048 congruit
649 1985 720 2031 cum
741 1967 914 2033 notissima
936 1969 995 2034 illa
1011 1970 1175 2051 Borghesi
1199 1975 1232 2035 et
1248 1967 1495 2052 Synnerbergii,

217 2101 352 2165 quorum
384 2082 471 2148 aiter
500 2081 699 2147 Iuvenalem
729 2082 820 2148 intra
849 2102 951 2148 annos
975 2091 1016 2148 47
1042 2089 1077 2150 et
1105 2091 1163 2150 127
1190 2084 1314 2150 vixisse
1345 2084 1495 2164 coniecit,

216 2200 303 2266 alter·
326 2217 404 2266 vero
429 2204 560 2278 poetam
586 2196 674 2262 cirea
698 2217 817 2263 annum
843 2199 910 2264 urb.
937 2201 1026 2266 cond.
1053 2200 1270 2266 DCOXOIX
1293 2206 1407 2266 natum
1424 2220 1496 2266 esse

218 2312 369 2397 voluitb.
418 2313 483 2380 Sed
506 2312 588 2378 haec
612 2312 780 2380 hactenus.
826 2315 925 2380 Nunc
949 2315 990 2380 ad
1015 2315 1198 2381 sententias
1221 2317 1408 2396 nuperrime
1424 2334 1497 2396 pro-

216 2433 304 2499 latas
328 2430 531 2498 accedamus.

303 2546 438 2629 ,Atque
462 2547 730 2613 Friedioenderae
758 2547 792 2612 in
821 2547 1074 2630 dissertatione,
1111 2567 1194 2628 quae
1223 2549 1300 2629 „De
1320 2547 1498 2614 Juvenaiis

217 2665 309 2734 vitae
333 2665 535 2746 temporibus
545 2657 593 2747 ⁷)“
617 2663 823 2746 inscribitur,
860 2664 1103 2730 memorabilem
1133 2664 1225 2730 illum
1250 2665 1345 2730 XIII
1375 2665 1498 2731 satirae

221 2851 347 2903 tissimae
376 2851 506 2916 „Junco‘t
560 2847 700 2916 Quidquid
728 2851 800 2901 enim
829 2849 863 2902 de
890 2849 1034 2902 «Iuvenalis
1063 2851 1120 2902 vita
1149 2850 1192 2901 vel
1221 2849 1363 2901 codicibus
1392 2851 1501 2918 statuis,

220 2940 388 3006 bisyllahum
416 2940 533 3005 „Junio“
558 2953 673 3009 prorsus
698 2953 753 2990 non
778 2943 821 2991 est
840 2935 1012 2992 tolerabile.“
1055 2939 1133 3007 Ihid,
1153 2955 1216 2991 ann.
1235 2937 1266 2990 4:
1296 2939 1423 3004 ,Nullius
1443 2953 1501 2990 mo-

218 3031 305 3082 menti
325 3035 405 3082 sunt:
435 3029 548 3098 „Vinco,
569 3027 660 3098 Vinio,
677 3028 777 3098 Irrno“,
798 3043 915 3096 qnorum
936 3030 1014 3097 origo
1034 3030 1181 3080 manifesta
1201 3031 1268 3080 est.“

330 3118 352 3184 ¹)
382 3116 421 3170 CI.
442 3116 596 3186 Cardinali,
624 3117 666 3168 Un
686 3132 779 3169 nuovo
800 3117 922 3186 diploma
947 3102 1078 3169 militare*
1091 3117 1154 3168 dell'
1174 3119 1342 3186 imperatore
1367 3116 1501 3182 Adriano,

223 3211 251 3261 in
263 3207 464 3260 Dissertazioni
475 3206 549 3258 della
558 3207 699 3276 pontiticia
710 3206 862 3258 Academia
872 3206 898 3257 di
910 3205 1104 3275 Archeologia,
1115 3205 1194 3258 Rom.
1205 3204 1285 3272 1835,
1302 3205 1333 3256 T.
1344 3205 1389 3274 VI,
1403 3223 1429 3274 p.
1440 3205 1501 3261 231.

251 3331 252 3336 ,
326 3296 350 3361 2)
379 3295 421 3347 De
445 3295 537 3347 indole
563 3295 662 3346 harum
688 3297 835 3347 satirarum
865 3295 897 3346 ef.
919 3295 1059 3360 „Pnucnaa
1088 3310 1191 3364 carnpa
1209 3311 1226 3345 n
1245 3292 1418 3361 IOnenaw,
1446 3293 1501 3344 Mu-

219 3401 297 3454 raea,
318 3384 387 3436 1879
406 3401 432 3454 p.
452 3384 601 3437 352-388.

324 3473 348 3541 ³)
382 3475 488 3543 Annus,
509 3489 562 3542 quo
582 3474 646 3525 XIII
666 3475 781 3527 satiram
806 3475 918 3544 scripsit
936 3474 1088 3543 IuvenaIIs,
1115 3473 1269 3541 definietur,
1295 3474 1319 3525 si
1342 3489 1448 3527 numer.
1467 3471 1503 3523 60

219 3581 236 3617 n
255 3569 339 3634 poeta
358 3568 541 3616 memoratum
563 3563 598 3615 ad
617 3579 702 3633 snpra
720 3563 836 3616 allatum
857 3563 890 3615 59
911 3564 954 3615 veI
973 3564 1006 3614 57
1026 3580 1128 3615 annum
1156 3563 1334 3615 Fonteiornm
1354 3562 1502 3614 addideris.

324 3652 348 3720 ⁴)
378 3653 527 3723 Borghesi,
557 3653 741 3706 Annotazioni
774 3671 790 3706 a
818 3653 967 3706 Giovenale
998 3655 1026 3705 in
1058 3651 1191 3720 Oeuvres,
1221 3651 1283 3718 Vol,
1314 3650 1345 3718 V,
1378 3668 1405 3720 p.
1434 3651 1501 3702 510:

221 3744 290 3810 „cho
311 3745 456 3813 conciuso,
489 3743 539 3796 che
558 3743 585 3796 Ia
605 3743 657 3795 due
677 3744 762 3796 satire
782 3744 959 3796 trediceaima
978 3760 993 3796 e
1013 3743 1120 3795 decima
1139 3743 1235 3810 quinta
1254 3743 1352 3794 turono
1372 3743 1467 3794 scrItte
1487 3757 1504 3793 a

220 3851 257 3886 un
287 3834 413 3904 dipresso
437 3833 483 3885 nel
508 3833 661 3885 medesimo
693 3849 766 3886 anno
794 3831 871 3886 880.“
900 3864 928 3874 -
956 3832 1087 3901 Straueh,
1118 3833 1136 3884 I.
1156 3832 1174 3884 1.
1193 3848 1220 3900 p.
1239 3830 1288 3883 42:
1323 3831 1434 3898 ,Neque
1460 3835 1503 3882 est

221 3924 295 3992 quod
320 3931 385 3993 post
407 3922 481 3975 hunc
505 3939 609 3975 annrrm
634 3922 714 3990 (127)
741 3924 855 3975 satIram
883 3923 960 3975 Illam
989 3922 1067 3988 (XV)
1094 3923 1225 3991 scriptam
1256 3936 1318 3973 esse
1345 3920 1503 3989 redarguat,

219 4015 305 4066 immo
326 4014 410 4065 etiam
429 4013 493 4064 XIII
513 4014 599 4064 satira
618 4012 669 4064 sub
689 4011 763 4064 idem
784 4016 894 4081 tempus
914 4013 1071 4081 composIta
1090 4015 1158 4062 est.“

327 4104 352 4168 1)
379 4101 544 4154 Huiusmodi
564 4101 724 4171 exemplum
743 4102 860 4171 praebet
878 4105 930 4154 sat.
949 4101 1009 4170 XV,
1029 4117 1112 4168 qrram
1132 4100 1211 4152 multi
1232 4099 1342 4152 codices
1361 4103 1425 4168 post
1439 4097 1503 4150 XVI

220 4196 328 4262 ponunt
347 4194 386 4258 (v.
405 4189 486 4260 Jahn,
505 4190 523 4242 I.
542 4190 560 4242 I.
579 4207 606 4260 p.
626 4189 678 4242 159
697 4195 725 4242 et
745 4189 819 4257 166).

326 4279 351 4349 ⁰)
380 4279 531 4349 Borghesi,
556 4279 669 4332 Intorno
693 4279 740 4332 aII‘
760 4281 805 4332 eth
830 4280 856 4332 di
881 4279 1047 4349 Giovenale,
1072 4296 1098 4348 p.
1118 4277 1232 4331 75-76.
1259 4309 1292 4316 -
1317 4277 1502 4346 Synnerberg,

220 4372 238 4424 I.
257 4371 276 4424 I.
294 4389 321 4441 p.
340 4371 383 4424 92.

329 4458 353 4527 ἲ)
381 4460 549 4529 Regimonti,
568 4458 647 4512 1875.
686 4458 726 4512 Gi.
745 4459 873 4529 Bursian,
892 4458 1019 4514 Jahresb.
1040 4459 1109 4511 iiber
1129 4459 1154 4510 d.
1174 4457 1356 4510 Fortschritte
1376 4457 1402 4510 d.
1422 4457 1503 4508 class.

222 4548 341 4601 Alterth.
360 4549 408 4619 III,
426 4566 453 4618 p.
472 4547 533 4601 207.
