3456 5064
654 1365 1004 1481 Praefatio.

778 1581 885 1596 ΛΑΛΛΛ

351 1691 437 1802 Cum
468 1736 545 1796 ante
572 1731 632 1795 hos
662 1735 819 1811 quattuor
847 1748 950 1795 annos
980 1729 1020 1794 de
1049 1727 1216 1794 Juvenale
1246 1728 1421 1793 scriberem
1435 1723 1469 1811 ¹),

188 1855 321 1939 accidit,
347 1863 385 1920 ut
403 1876 463 1922 nec
488 1857 528 1922 de
550 1855 622 1922 eius
645 1875 730 1921 aurio
751 1856 856 1921 natali
872 1855 1036 1936 exilioque
1052 1854 1264 1936 quaestiones
1280 1873 1341 1919 nec
1358 1859 1471 1919 cetera

188 1980 323 2046 uberius
348 1981 600 2061 accuratiusque
625 1981 745 2062 exponi
769 1986 915 2062 possent.
947 1983 1148 2046 Retractare
1172 1979 1277 2062 igitur
1302 1999 1371 2045 rem
1396 1998 1471 2044 con-

188 2103 283 2170 stitui
298 2081 397 2185 idque
414 2124 452 2170 eo
469 2105 625 2170 libentius
638 2105 712 2188 feci,
730 2105 815 2186 quod
832 2105 911 2171 mihi
927 2123 986 2186 per
1002 2104 1171 2170 duodecim
1189 2123 1293 2170 annos
1316 2104 1349 2168 in
1367 2103 1391 2168 J
1393 2123 1471 2169 uve-

187 2230 274 2297 nalis
288 2229 467 2297 satirarum
481 2229 599 2296 studiis
610 2225 773 2307 versato²)
785 2248 905 2312 eorum,
918 2247 1002 2310 quae
1014 2248 1118 2310 nuper
1132 2229 1263 2310 prolata
1273 2233 1358 2309 sunt,
1373 2247 1470 2309 quae-

188 2355 383 2420 domminus
400 2355 598 2422 videbantur
619 2355 753 2438 probari
769 2374 874 2436 posse.
901 2353 972 2438 Quo
990 2353 1158 2436 pertinent
1174 2351 1424 2456 Friedlaenderi
1432 2351 1469 2436 ³),

72 2464 74 2481 '
188 2473 416 2563 Weidneri4),
447 2475 663 2564 Stampini5),
687 2481 850 2546 hominnm
875 2479 1154 2562 doctissimorum,
1180 2478 1220 2544 de
1244 2485 1361 2560 poetae
1385 2498 1470 2545 anno

298 2799 321 2866 1)
349 2800 381 2852 In
409 2799 481 2852 libro
505 2801 553 2868 qni
580 2800 720 2865 „Pnucnan
745 2816 848 2869 carupa
872 2817 889 2850 u
914 2797 1072 2852 lOseuann“
1098 2798 1153 2866 (De
1177 2798 1311 2850 Juvenale
1334 2799 1470 2852 Romano-

74 2936 77 2947 ,
187 2903 306 2958 rumque
325 2891 416 2958 satira,
435 2890 571 2957 Mitaviae,
590 2888 675 2955 1879)
693 2906 719 2958 p.
739 2889 880 2940 135-455
900 2889 1066 2941 inscribitur.

297 2999 321 3064 2)
349 2999 440 3049 Liceat
468 2997 513 3048 hic
540 2997 671 3066 opuscula
699 3012 761 3048 mea
794 2996 828 3047 ad
860 2996 1024 3048 {iuvenalem
1047 2999 1214 3065 pertinentia
1237 2998 1352 3049 referre:
1381 2998 1412 3064 1)
1430 2998 1471 3050 De

188 3086 219 3139 O.
245 3087 395 3140 Ribbeckio
426 3092 453 3138 et
492 3086 634 3138 ¹luvenalis
670 3087 783 3155 saturis,
820 3101 890 3155 quae
926 3085 1155 3138 declamationum
1197 3089 1309 3139 nomine
1344 3088 1472 3139 feruntur

188 3177 302 3242 (Dinrn.
328 3177 393 3228 Inst.
419 3176 519 3246 public.
544 3176 690 3246 Petropoli,
715 3175 784 3228 1872
807 3175 855 3228 Nr.
881 3175 906 3246 6,
936 3192 981 3246 pp.
1006 3175 1069 3242 73);
1107 3177 1137 3242 2)
1159 3175 1201 3228 De
1222 3177 1364 3229 luvenalis
1387 3179 1472 3228 satira

188 3269 279 3334 prima
311 3267 423 3336 (Rigae,
450 3267 519 3318 1875
550 3283 595 3336 pp.
624 3266 705 3335 140),
745 3266 776 3333 3)
801 3266 1020 3318 Commentarius
1056 3267 1165 3318 criticus
1196 3270 1222 3318 et
1252 3268 1406 3336 exegeticus
1437 3267 1472 3318 ad

75 3370 78 3399 =
188 3356 331 3408 luvenalis
360 3358 474 3409 satiram
502 3358 621 3426 primam
649 3356 762 3424 (Diurn.
781 3357 847 3408 Inst.
869 3357 970 3426 public.
992 3357 1138 3426 Petropoli,
1157 3356 1226 3408 1875
1245 3357 1292 3408 Nr.
1306 3357 1331 3426 3,
1350 3373 1394 3426 pp.
1408 3356 1471 3425 48),

189 3445 220 3512 4)
248 3446 467 3498 Commentarius
489 3449 598 3498 criticus
622 3451 648 3498 et
672 3448 827 3516 exegeticus
851 3446 885 3497 ad
908 3446 1050 3498 luvenalis
1075 3447 1188 3498 satiram
1216 3446 1363 3498 secundam
1391 3446 1470 3512 (ibid.

189 3535 259 3586 1876
278 3535 325 3586 Nr.
347 3537 371 3604 2,
390 3553 435 3604 pp.
454 3535 518 3605 40),
538 3537 568 3602 5)
588 3535 629 3586 De
648 3551 679 3587 eo
698 3535 770 3604 quod
788 3550 929 3586 summum
948 3539 988 3586 est
1006 3537 1036 3586 in
1054 3535 1197 3587 luvenalis
1216 3536 1315 3604 satiris,
1334 3536 1422 3588 oratio
1441 3536 1470 3586 in

75 3618 78 3635 '
188 3627 364 3677 universitate
383 3625 573 3678 Charcoviensi
592 3625 685 3676 habita
703 3624 926 3694 (Vononeschiae,
946 3623 1024 3694 1876,
1043 3641 1087 3694 pp.
1107 3625 1169 3694 11),
1197 3623 1227 3692 6)
1249 3624 1468 3676 Commentarius

75 3752 78 3767 .
189 3717 298 3767 criticus
316 3719 342 3766 et
360 3717 515 3785 exegeticus
533 3715 568 3766 ad
586 3714 727 3766 luvenalis
752 3715 865 3766 satiram
884 3715 995 3766 tertiam
1014 3714 1126 3781 (Diurn.
1146 3714 1211 3766 lust.
1230 3713 1305 3783 publ.
1324 3714 1470 3784 Petropoli,

189 3803 326 3860 1878111.
345 3805 370 3874 3,
389 3822 433 3874 pp.
454 3804 516 3874 58),
536 3805 567 3871 7)
585 3805 626 3856 De
644 3803 787 3856 luvenalis
807 3805 864 3855 vita
883 3803 962 3870 (ibid.
982 3803 1053 3856 1880
1071 3803 1119 3855 Nr.
1138 3803 1164 3874 1,
1182 3821 1227 3873 pp.
1246 3803 1303 3870 38).

295 3911 320 3978 ³)
338 3913 499 3964 Dissertatio
509 3911 542 3963 de
551 3911 693 3963 luvenalis
705 3913 778 3964 vitae
791 3911 967 3981 temporibus.
976 3910 1059 3963 Aead.
1069 3911 1245 3982 Albltegim.
1256 3909 1469 3964 MDCCCLXXV

188 4001 222 4052 ll.
243 4001 312 4052 Vide
331 4002 452 4054 eiusdem
471 4001 670 4054 dissertationis
689 4001 815 4053 notitiam
834 4000 981 4053 abeodem
999 4004 1109 4053 auctore
1127 4001 1278 4054 exhibitam
1296 4002 1327 4052 in
1347 4000 1470 4067 „Jahres-

188 4091 292 4143 bericht
310 4091 377 4144 iiber
395 4092 439 4143 die
462 4091 636 4143 Fortschritte
661 4091 708 4142 der
727 4091 890 4143 classischen
909 4090 1298 4160 Altertlrumswissenschatt“,
1323 4091 1469 4161 herausgc-

189 4180 276 4250 geben
295 4196 350 4233 von
369 4179 397 4232 C.
416 4181 543 4250 Bursian,
562 4179 609 4232 Ill.
628 4181 685 4249 Bu,
704 4181 729 4232 2.
749 4197 776 4231 u.
796 4180 820 4231 3.
840 4179 934 4250 Jahrg.
955 4179 1140 4251 1874-1875,
1159 4179 1261 4249 Berlin,
1279 4197 1306 4250 p.
1319 4180 1469 4232 nou-209.

295 4285 321 4354 ⁴)
339 4287 372 4339 D.
392 4288 469 4339 Junii
487 4288 629 4340 luvenalis
648 4288 770 4358 Saturae,
788 4289 907 4358 Leipzig,
929 4287 1007 4340 1873.

296 4396 320 4460 ⁵)
339 4395 380 4448 De
398 4395 541 4447 Juvenalis
559 4395 632 4465 Vita,
653 4396 795 4466 Augustae
809 4396 1004 4465 Taurinorum,
1029 4395 1108 4448 1881.
1147 4394 1216 4446 Vide
1239 4396 1322 4447 etiam
1348 4395 1470 4462 ,Rivista

189 4485 216 4538 ui
235 4485 369 4556 Filologia
388 4501 403 4536 e
421 4485 599 4538 d’lstruzionc
620 4485 757 4555 classica“,
775 4501 849 4538 anno
867 4486 919 4555 IX,
946 4485 1071 4538 fascicolo
1095 4485 1123 4537 di
1147 4484 1370 4555 Marco-Aprile,
1390 4484 1468 4538 1881.
