3456 5064
753 323 965 420 ,ἐς

159 609 162 616 Ι
219 534 360 598 omnium
385 534 509 599 fontem
546 534 671 600 referre
704 553 767 600 non
804 533 971 601 dubitavit
987 529 1022 617 ¹).
1069 535 1142 600 Neo
1166 539 1275 598 tamen
1300 539 1401 616 reete,
1437 533 1501 600 nisi

219 651 306 715 sorte
330 651 552 716 coniecturam
577 671 618 716 ex
641 671 728 718 uano
762 652 915 716 haustam
939 671 997 732 pro
1022 671 1057 716 re
1082 655 1174 716 certa
1203 670 1241 715 ae
1276 645 1502 718 demonstrata

219 767 371 848 accipere
395 766 490 832 velis.
538 767 624 832 Nam
650 767 834 848 quicunque
858 769 911 834 vel
942 767 1049 850 obiter
1077 771 1251 846 utramque
1282 767 1384 832 vitam
1414 766 1502 832 inter

219 903 254 949 se
279 884 533 965 comparaverit,
555 889 661 974 ¹recte
676 883 749 976 'sibi
773 883 996 964 persuadebit,
1033 883 1356 963 Kalenkampianam
1390 883 1501 948 multis

218 1001 316 1066 rebus
334 999 465 1064 differre
490 1019 510 1064 a
526 1000 704 1066 Probiana.
753 987 1017 1081 Synnerbergius
1031 1005 1120 1066 ‘Vero
1147 999 1180 1064 id
1200 1001 1303 1065 solum
1320 999 1500 1081 expedivit,

219 1117 303 1197 quod
346 1115 437 1182 vitae
480 1117 575 1182 finem
617 1117 762 1199 „decessit
791 1089 831 1161 -ss
862 1114 1071 1198 imperotore“
1119 1137 1136 1180 e
1174 1116 1268 1182 falsis
1304 1116 1501 1182 scholiastae

219 1231 520 1313 computationibus
564 1239 670 1298 ortum
710 1251 782 1298 esse
822 1209 1048 1314 affirmarim).
1123 1233 1188 1299 Sed
1230 1233 1263 1296 in
1289 1229 1500 1314 'gravissimo

217 1350 309 1416 vitae
348 1348 537 1414 testimonio
581 1350 746 1430 „extremis
784 1384 819 1393 -
858 1347 1006 1414 exilium‘
1049 1348 1103 1414 vel
1141 1347 1316 1414 fastidiose
1337 1353 1502 1416 ,caecutit

220 1466 273 1532 vel
299 1464 499 1531 coniecturis
535 1471 663 1532 tantum
688 1457 846 1547 uolunt),
882 1484 944 1546 quo
969 1464 1068 1546 laeto,
1105 1470 1142 1528 ut
1169 1465 1355 1530 Hermanni
1391 1467 1502 1531 verbis

220 1580 307 1656 utar,
334 1573 465 1656 ,.fueum
481 1573 601 1654 potius
627 1592 723 1653 quam
740 1573 844 1639 facem
862 1570 1043 1653 praetulit“
1057 1565 1096 1655 4).
1129 1574 1205 1637 Hae
1222 1572 1341 1637 oritiea
1359 1571 1502 1672 Symrer-

219 1690 352 1772 bergius
387 1690 518 1754 ratione
554 1687 588 1753 id
625 1687 742 1770 effecit,
782 1693 829 1770 ut,
870 1707 941 1753 oum
982 1687 1073 1754 vitae
1110 1688 1423 1770 Kulenkampiana'e
1462 1689 1502 1754 de

219 1806 245 1872 J
246 1806 397 1873 uvenalis
414 1805 514 1872 exilio
532 1807 754 1872 testimonium
771 1804 923 1870 refellere
941 1804 1157 1888 nequivisset,
1183 1825 1274 1872 suam
1299 1805 1339 1870 de
1357 1805 1501 1871 Traiano

220 1921 311 1986 exilii
335 1929 471 1987 auctore
496 1916 770 2003 coniectu1·am·'¹),
809 1921 860 1986 eui
884 1927 1017 2001 praeter
1041 1922 1145 1987 viem
1179 1921 1502 2002 Kulenkampianam

219 2037 320 2102 etiam
346 2038 451 2132 multa
474 2037 541 2106 alia
566 2039 698 2102 obstent
714 2033 750 2119 ⁰),
775 2037 873 2118 plane
889 2036 1138 2118 improbabilem
1162 2037 1300 2103 iaceret.
1350 2037 1501 2117 Accedit,

220 2153 306 2234 quod
335 2159 369 2218 et
397 2154 464 2219 alia
496 2154 567 2218 eius
600 2151 792 2218 coniectura
827 2172 975 2235 „omnem
1000 2152 1220 2235 imperatoris,
1257 2153 1403 2234 quisquis
1427 2154 1502 2236 erit,

220 2273 429 2355 mentionem,
455 2273 504 2339 ita
527 2273 649 2338 factam
674 2292 757 2354 esse,
783 2278 820 2337 ut
836 2291 953 2337 nomen
978 2272 1047 2338 eius
1065 2271 1230 2353 posterius
1255 2291 1295 2336 ex
1312 2271 1503 2336 coniectura

220 2408 293 2455 esse
318 2390 459 2471 positum
484 2396 575 2455 reete
600 2389 645 2455 sit
669 2387 908 2472 colligendum“
925 2382 962 2472 ⁷),
999 2389 1078 2453 mihi
1101 2390 1163 2454 hoe
1186 2388 1257 2454 loeo
1290 2389 1504 2469 improbanda

221 2511 287 2586 est;
314 2526 387 2572 nam
414 2506 442 2570 si
465 2505 777 2586 Kulenkampianae
801 2504 893 2570 vitae
917 2503 1141 2570 testimonium
1171 2503 1310 2570 refutari
1336 2505 1451 2586 nequit
1464 2501 1502 2586 ⁸),

224 2624 328 2688 verba
351 2621 441 2688 illius
466 2622 560 2688 modo
586 2622 690 2688 allata
714 2622 756 2686 ad
780 2622 960 2687 Traianum
985 2621 1037 2687 vel
1063 2640 1158 2702 quem
1182 2622 1234 2686 vis
1258 2622 1356 2687 alium
1381 2621 1500 2687 falsum

220 2738 312 2803 exilii
350 2744 516 2804 auctorem
541 2721 771 2820 potiusquam
797 2739 840 2803 ad
874 2737 1103 2804 Domitianum
1128 2739 1254 2804 reseras
1282 2758 1417 2804 necesse
1441 2745 1502 2804 est.

221 2855 273 2918 De
312 2853 474 2920 Franokii
509 2873 588 2920 vero
628 2854 804 2937 sententia,
845 2873 941 2934 quiam
978 2854 1018 2919 de
1057 2855 1149 2922 vitae
1189 2855 1503 2936 Kulenkampianae

221 2969 349 3054 origine
373 2969 515 3051 protulit
531 2967 566 3053 ⁹),
603 2970 672 3052 hoe,
708 2970 833 3052 opinor,
870 2970 980 3036 dicere
1004 2978 1058 3036 sat
1082 2972 1155 3052 erit,
1194 2991 1266 3036 eum
1291 2992 1308 3037 e
1333 2990 1421 3037 more
1446 2991 1503 3037 suo

221 3087 375 3152 subtilius
400 3105 495 3166 quam
521 3085 632 3151 verius
657 3087 855 3168 disputasse,
892 3087 978 3167 quod
1003 3087 1267 3170 Synnerbergius
1292 3089 1504 3168 comprobare

220 3202 363 3283 videtur,
401 3220 472 3266 eum
497 3201 657 3267 Franekii
681 3201 880 3267 sent-entiam
906 3202 1054 3268 breviter
1078 3205 1267 3285 complexus
1291 3205 1373 3269 lmee
1397 3205 1502 3271 addit:

221 3319 300 3401 „Ita
324 3317 511 3398 disputavit
534 3318 731 3400 Frauekius,
770 3318 823 3382 eui
847 3318 1003 3384 assentiri
1027 3320 1194 3400 ecquidem
1218 3339 1281 3385 non
1307 3321 1503 3404 dubitarem,

220 3435 248 3500 si
290 3433 359 3499 ulla
406 3433 551 3516 vestigia
594 3434 636 3500 ad
681 3441 747 3500 tam
795 3435 947 3499 subtilem
993 3435 1270 3517 artificiosumque
1314 3437 1504 3517 disputandi

329 3709 351 3776 ¹)
380 3709 422 3761 De
442 3709 614 3778 temporibus
635 3713 686 3760 ete.
706 3725 731 3778 p.
751 3708 793 3762 35.

326 3800 350 3866 2)
380 3799 564 3868 Synnerberg,
583 3816 609 3868 p.
628 3798 672 3851 33.

326 3887 350 3956 ³)
379 3889 447 3942 lbid.
467 3907 493 3958 p.
512 3889 546 3940 32
567 3904 608 3957 sq.

325 3977 349 4045 1)
379 3977 408 4029 C.
422 3979 466 4030 Fr.
480 3979 631 4048 Hermann,
650 3978 691 4030 De
704 3976 849 4038 luvenalis
870 3979 972 4029 satirae
991 3979 1126 4048 septimae
1146 3979 1326 4048 temporibus,
1346 3977 1505 4048 Gottingae,

218 4068 288 4120 1843
338 4066 388 4120 ,6.

290 4110 297 4137 ’
317 4086 349 4225 Ιέ)
379 4158 420 4210 De
440 4157 622 4226 temporibus,
641 4173 668 4226 p.
688 4156 721 4208 73
742 4172 782 4225 sq.

325 4247 350 4316 ⁶)
379 4247 441 4299 Vid.
460 4248 523 4299 inlr.

327 4336 350 4404 7)
379 4336 565 4406 Synnerberg,
584 4353 611 4406 p.
630 4334 673 4388 26.

325 4425 349 4493 8)
378 4425 418 4478 Cf.
437 4426 513 4495 ibid,
532 4443 559 4496 p.
578 4425 621 4478 33.

326 4513 351 4583 ⁹)
380 4515 506 4568 Examen
525 4517 661 4586 eritieum,
679 4531 706 4584 p.
726 4514 760 4567 76
780 4530 821 4582 sq.
