3456 5064
824 396 867 458 45

737 481 950 489 —-

204 604 412 670 librariorum
436 604 603 672 inscitiae
626 605 786 672 vocabulo
812 603 991 689 „tyranni‘¹
1016 610 1123 678 ortum
1149 609 1249 688 atque
1273 611 1436 674 mutatum
1451 603 1484 691 ¹).

204 720 270 787 Sed
307 727 342 788 et
377 721 444 788 alia
477 722 565 788 haud
601 723 707 789 minus
743 722 861 805 gravia
895 729 1090 805 argumenta
1129 724 1274 807 obstant,
1314 723 1486 806 quominus

204 839 403 905 Juvenalem
429 839 574 904 Traiano
598 838 782 922 imperante
806 839 839 904 in
864 840 997 906 exilium
1021 840 1153 906 missum
1178 840 1359 908 credamus.
1405 843 1485 908 Jam

204 954 320 1020 Nerva
337 955 548 1036 philosophos
564 955 789 1022 aDomitiano
806 956 960 1036 expulsos
973 957 1111 1022 Romam
1129 958 1170 1021 ab
1185 956 1285 1022 exilio
1302 957 1483 1041 revocavit,

205 1071 374 1137 delatores
413 1072 578 1156 relegavit
589 1066 626 1155 ²).
689 1071 790 1138 Initio
830 1071 968 1138 Traiani
1007 1071 1212 1155 principatus
1252 1073 1487 1157 „spiritumet

206 1188 396 1270 sanguinem
437 1195 471 1254 et
509 1172 650 1270 patriam
695 1189 894 1270 receperunt
940 1185 1121 1271 studia“³).
1183 1189 1262 1270 Ipse
1307 1189 1487 1272 imperator

204 1304 393 1370 litterarum
426 1303 539 1370 studia
570 1304 706 1372 fovebat
737 1311 835 1385 atque
870 1305 1077 1387 honestabat,
1114 1305 1330 1371 bibliothecas
1365 1307 1486 1372 consti·

204 1421 319 1486 tnebat
330 1413 373 1503 1);
408 1420 441 1485 in
475 1420 694 1503 philosophos,
732 1425 849 1502 poetas
883 1425 917 1486 et
949 1419 1040 1486 viros
1076 1420 1190 1486 doctos
1223 1441 1258 1487 se
1293 1441 1415 1488 comem
1449 1427 1487 1488 et

203 1535 334 1600 facilem
352 1537 534 1616 praebebat
545 1530 583 1619 ⁵).
631 1535 773 1601 Dicendi
790 1537 927 1602 libertas
943 1535 1038 1602 bonis
1052 1536 1184 1602 reddita
1194 1533 1241 1618 ⁶).
1271 1537 1349 1619 Ipse
1362 1538 1487 1605 Caesar

204 1670 276 1717 cum
293 1652 476 1717 hominibus
493 1651 599 1718 doctis
614 1671 793 1718 sermonem
812 1671 911 1734 saepe
934 1645 1126 1735 habebat-⁷).
1162 1652 1284 1719 Exiliis
1301 1653 1485 1736 capitisque
1581 1717 1582 1722 ,

204 1767 472 1834 damnationibus
488 1769 644 1834 bonorum
661 1767 736 1834 finis
752 1768 963 1834 constitutus,
999 1769 1063 1834 Dio
1074 1768 1338 1853 Chrysostomus‚
1353 1770 1486 1852 Epicte-

203 1889 254 1948 tes
278 1883 336 1950 alii
369 1883 542 1949 clarissimi
572 1883 637 1949 viri
671 1885 730 1949 sub
763 1883 956 1949 Domitiano
989 1884 1131 1968 relegati
1164 1887 1302 1952 Romam
1338 1891 1485 1966 reverte·

204 1995 324 2082 ruht⁸).
357 1997 581 2080 Scriptorihus
598 1999 741 2064 romanis
762 2005 829 2064 tum
856 2000 1006 2082 „demum
1024 1999 1125 2065 rediit
1140 1998 1289 2067 animus“
1302 1998 1338 2085 ¹).
1386 2003 1487 2072 Dela-

204 2120 294 2180 tores
317 2114 369 2182 vel
395 2113 523 2195 expulsi
548 2115 601 2179 vel
626 2115 744 2195 capitis
778 2115 934 2198 damnati,
969 2116 1232 2183 accusationibus
1262 2117 1336 2183 finis
1366 2118 1486 2185 consti-

204 2236 295 2296 tutus
307 2225 357 2313 ¹¹¹).
397 2231 549 2296 Moribus
563 2229 774 2296 emendandis
789 2231 961 2296 consulens
977 2230 1142 2297 Traianus
1159 2232 1276 2316 effecit,
1295 2239 1332 2298 ut
1346 2236 1485 2316 populus

206 2347 260 2431 „in
277 2345 489 2429 pantomimis
501 2352 714 2414 aversaretur
730 2351 884 2428 artesque
897 2366 1007 2413 eornm
1025 2345 1218 2414 damnaret“
1232 2343 1281 2432 ¹¹).
1314 2347 1485 2433 „Gloriam

203 2469 313 2530 tamen
337 2463 512 2529 militarem
530 2463 693 2529 civilitate
717 2468 752 2528 et
769 2463 992 2530 moderatione
1014 2464 1193 2547 superavit,
1220 2465 1345 2530 Romae
1368 2470 1404 2531 et
1426 2486 1486 2548 per

202 2579 391 2660 provincias
415 2580 583 2662 aequalem
609 2599 644 2645 se
669 2579 817 2646 omnibus
840 2579 1007 2663 exhibens,
1044 2579 1167 2646 amicos
1191 2579 1358 2647 salutandi
1385 2601 1486 2649 causa

201 2696 415 2775 frequentans
439 2695 493 2760 vel
518 2699 731 2777 aegrotantes
755 2696 809 2762 vel
839 2714 911 2760 cum
939 2695 1042 2760 festos
1073 2695 1143 2761 dies
1174 2694 1379 2778 habuissent,
1410 2715 1485 2764 con·

203 2811 294 2878 vivia
326 2830 397 2877 cum
429 2809 544 2876 iisdem
578 2809 759 2876 indiscreta
791 2810 935 2876 vicissim
965 2810 1099 2893 habens,
1133 2829 1233 2891 saepe
1255 2811 1290 2876 in
1324 2811 1483 2880 vehiculis

204 2948 315 2994 eorum
341 2928 468 3010 sedens,
493 2928 616 2992 nullum
641 2932 827 2992 senatorum
854 2927 988 2992 laedens
1013 2977 1019 2994 .
1045 2977 1053 2994 .
1079 2978 1086 2993 .
1111 2927 1259 2994 liberalis
1283 2927 1315 2993 in
1334 2935 1481 3014 cunctos,

316 3147 338 3214 ¹)
367 3147 409 3200 De
429 3149 540 3200 nomine
553 3147 666 3200 Traiani
684 3149 712 3198 in
733 3147 793 3198 cod.
809 3147 1009 3200 Mediolanensi
1030 3147 1185 3214 (112-353
1205 3151 1255 3216 rn.)
1276 3149 1349 3218 apud
1364 3149 1483 3202 Achain-

205 3239 291 3289 trium
312 3236 406 3305 (Jahn,
425 3254 452 3308 p.
473 3237 539 3306 388)
558 3242 586 3289 et
604 3238 631 3289 in
651 3239 860 3289 recentissimae
879 3239 977 3289 aetatis
999 3237 1084 3290 schol.
1105 3238 1140 3289 sd
1156 3238 1212 3290 Sat.
1233 3237 1344 3309 vl1,93
1363 3241 1485 3306 („codex

204 3311 394 3379 Bibliothecae
420 3328 512 3395 regiae
532 3326 709 3379 Britannicae
735 3326 930 3379 153.xv111
955 3327 1022 3379 olim
1041 3327 1267 3396 Bongarsianus¹¹
1288 3345 1332 3398 ap.
1351 3329 1484 3381 Herman-

203 3432 279 3484 num,
298 3416 340 3468 De
361 3421 412 3468 sat.
433 3421 502 3485 sept.
522 3421 606 3486 temp.
626 3433 652 3486 p.
666 3416 697 3483 9)
716 3421 816 3486 postea
835 3417 928 3469 addito
948 3435 973 3468 v.
993 3433 1036 3485 sp.
1057 3417 1255 3487 Hermannum,
1274 3418 1291 3470 l.
1307 3418 1325 3469 l.
1339 3436 1365 3488 p.
1379 3419 1422 3489 12,
1441 3419 1484 3472 14.

203 3505 310 3575 Strach,
329 3523 355 3575 p.
374 3507 417 3558 27.
904 3557 913 3572 ,

311 3597 334 3664 ¹)
364 3597 453 3666 l'eter,
473 3596 555 3666 111,2
575 3614 602 3666 p.
622 3596 682 3649 142.
705 3626 732 3636 -·
757 3597 856 3666 Zeller,
874 3597 892 3650 l.
912 3597 931 3648 l.
950 3613 976 3665 p.
996 3595 1056 3648 203.

310 3684 334 3752 ¹)
362 3687 432 3739 Plin.
451 3687 517 3741 Pan.
538 3703 560 3738 c.
579 3685 635 3739 47.

308 3774 334 3840 ¹)
362 3776 416 3829 Dio
436 3775 513 3828 Cass.
534 3777 654 3846 nxvlll,
673 3774 715 3827 16.

311 3865 334 3933 ⁵)
354 3865 442 3935 Peter,
461 3865 480 3916 l.
500 3865 517 3918 l.
537 3882 563 3935 p.
583 3865 643 3917 158.
663 3895 695 3904 -
716 3865 814 3934 Zeller,
833 3881 859 3934 p.
879 3865 930 3918 207
950 3869 977 3917 et
995 3865 1057 3922 215.

310 3953 334 4022 ¹)
363 3955 441 4024 Prin,
461 3955 510 4024 Ep.
530 3954 577 4025 ΙΙΙ,
597 3955 640 4024 18,
664 3953 692 4006 6:
723 3955 853 4020 „liberius
873 3955 991 4022 ideoque
1016 3957 1099 4008 etiam
1119 3955 1251 4007 libentius
1272 3955 1428 4008 scribitur.“
1448 3986 1483 3996 -

203 4045 336 4097 Zelleiins
351 4045 382 4111 (l.
396 4045 414 4096 l.
428 4062 454 4114 p.
470 4044 536 4112 202)
549 4045 661 4096 Traiani
675 4049 794 4097 aetatem
808 4047 847 4097 ite
861 4045 968 4096 delinit:
998 4043 1214 4114 „Putrdgprique
1235 4046 1328 4114 satire,
1341 4044 1482 4098 histoire.“

204 4133 243 4189 Ol.
262 4134 522 4204 Tecrum-Schwabe,
542 4138 555 4200 ς
574 4134 636 4202 330,
654 4134 680 4186 3.

261 4267 263 4274 .
309 4221 333 4291 Ἰ)
362 4224 460 4294 Zeller,
478 4241 505 4293 p.
524 4223 576 4274 215
597 4239 637 4292 sq.
657 4223 718 4276 224.

309 4312 334 4380 ⁸)
362 4314 461 4384 Zeller,
480 4331 506 4382 p.
525 4313 585 4366 216.

308 4401 333 4470 ¹)
361 4403 426 4456 Tac.
446 4403 514 4472 Agr.
534 4420 556 4456 c.
576 4403 591 4454 2
611 4408 640 4456 et
657 4403 682 4456 3.

299 4493 333 4560 ¹⁰)
361 4494 450 4562 Peter,
468 4510 495 4563 p.
516 4491 576 4563 148,
596 4493 695 4563 Zeller,
714 4510 739 4562 p.
759 4491 819 4544 209.
858 4491 897 4547 Os.
917 4509 943 4562 p.
963 4491 1024 4545 206.

299 4582 334 4650 ¹¹)
362 4583 431 4636 Plin.
449 4583 552 4652 Paneg.
572 4599 594 4636 c.
612 4581 656 4635 46.
