3456 5064
820 346 861 406 47

201 556 348 639 πολεμίους
371 555 421 618 ὥν.
446 556 493 618 καὶ
516 555 569 638 γὰρ
595 556 686 640 θήρας
708 557 756 618 καὶ
780 555 943 639 συμποσίων
968 553 1061 639 ἔργων
1085 579 1117 618 τε
1141 557 1189 618 καὶ
1224 556 1430 640 βουλευμάτων
1454 579 1486 618 τε

203 677 375 756 συμμετεῖχε
396 671 482 756 σφίσι,
507 672 554 734 καὶ
577 673 716 740 πολλάκις
738 673 786 734 καὶ
801 671 935 756 τέταρτος
955 675 1071 757 ὠχεῖτο,
1097 671 1128 740 ἐς
1149 695 1181 734 τε
1204 671 1254 740 τὰς
1277 671 1368 740 οἰκίας
1389 671 1485 734 αὐτῶν

202 789 249 850 καὶ
272 786 341 850 ἄνευ
364 811 399 870 γε
414 791 543 872 φρουρᾶς
559 785 632 850 ἔστιν
656 788 696 851 ὧν
717 787 801 850 ἐσιὼν
816 783 991 871 εὐθυμεῖτο“
1002 781 1034 866 ¹).
1083 785 1133 851 At
1148 785 1317 867 faciamus
1334 786 1485 869 Pyladen

205 902 291 994 apud
335 901 514 968 Traianum
562 903 761 968 Iuvenalem
808 906 944 982 propter
982 901 1063 966 duos
1105 920 1222 968 versus
1266 901 1485 986 accusavisse.

202 1017 288 1102 Quid
306 1018 433 1102 igitur?
480 1017 515 1084 Si
533 1017 651 1099 omnia,
670 1037 753 1098 quae
770 1017 811 1084 de
824 1017 965 1084 Traiani
979 1017 1089 1084 indole
1106 1019 1314 1098 moribusque
1331 1017 1482 1099 diximus

201 1133 425 1216 respiciamus,
451 1133 531 1200 illud
552 1133 646 1200 nobis
663 1133 929 1215 probatissimum
952 1133 1027 1217 erit,
1053 1134 1212 1200 eiusmodi
1241 1135 1484 1200 accusationem

202 1251 302 1316 risum
340 1251 495 1316 Caesaris
530 1251 678 1316 excitare
713 1250 873 1332 potuisse.
920 1251 1008 1316 Nam
1044 1250 1134 1332 ipsos
1168 1251 1244 1316 illos
1268 1269 1385 1316 versus
1419 1250 1484 1316 iam

202 1373 379 1449 propterea
410 1368 451 1432 ad
485 1387 520 1433 se
553 1367 717 1434 Trainnus
750 1365 875 1433 referre
908 1387 972 1433 non
1006 1368 1122 1450 potuit,
1159 1367 1245 1449 qnod
1277 1367 1311 1433 in
1344 1366 1486 1448 septima

202 1484 316 1565 satira,
342 1482 394 1548 eui
413 1502 528 1550 uersus
553 1483 601 1548 illi
623 1483 740 1549 inserti
757 1490 863 1566 erant,
889 1483 1091 1550 aJuvenale
1116 1504 1150 1550 se
1167 1483 1296 1550 laudari
1312 1479 1484 1567 vide1·et²).
1552 1465 1557 1476 ’

201 1600 251 1664 At
287 1599 346 1665 bas
380 1599 495 1664 laudes
533 1598 678 1664 modicas
714 1598 918 1683 frigidasque
953 1619 1040 1683 esse,
1082 1599 1231 1666 nonnulli
1269 1599 1436 1666 affirmant
1447 1597 1483 1680 ³).

201 1714 303 1781 Haud
331 1720 433 1780 recte.
481 1715 567 1780 Nam
596 1721 634 1781 ut
662 1713 810 1781 Strackii
839 1715 951 1781 verbis
979 1722 1064 1798 utar,
1102 1714 1345 1798 „panegyricus
1378 1714 1484 1781 satira

201 1850 264 1896 non
290 1837 350 1913 est,
376 1851 458 1912 quae
483 1830 516 1897 in
535 1836 727 1898 transcursu
752 1836 892 1914 tantum,
916 1837 954 1897 ut
970 1831 1272 1897 dIssinrilitudinum
1298 1830 1483 1896 coniuncti0

201 1947 333 2028 evadat,
359 1947 406 2012 eis
430 1947 545 2012 landes
571 1947 717 2012 tribucre
742 1947 836 2028 solet,
861 1947 926 2029 qni,
955 1967 1026 2012 cum
1051 1946 1200 2028 plerique
1226 1945 1284 2012 alii
1307 1965 1361 2011 res
1384 1945 1485 2012 utiles

204 2082 243 2128 ae
267 2065 370 2127 bonius
399 2067 621 2145 contemnant,
652 2061 775 2142 optime
804 2062 844 2127 de
875 2063 922 2128 eis
946 2067 1124 2128 raperentur.
1171 2063 1291 2144 Itaque
1310 2067 1356 2132 ,et
1380 2062 1484 2128 satira

201 2179 343 2260 septima
367 2177 399 2242 in
418 2179 597 2244 Traicunum
623 2177 769 2244 sinceras
794 2178 941 2244 cumulat
965 2183 1000 2243 et
1023 2177 1155 2244 minime
1173 2178 1346 2244 affectatas
1369 2177 1507 2245 laudes·

202 2317 241 2363 ea
265 2297 335 2362 sola
360 2297 399 2360 de
423 2315 533 2376 causa,
563 2303 601 2361 ut
630 2300 786 2377 quantum
821 2295 891 2361 cius
915 2295 1086 2361 literarum
1118 2295 1349 2377 hominumque
1371 2295 1484 2362 Iltera-

201 2420 307 2479 torum
340 2412 437 2478 fauor
470 2433 490 2478 a
522 2412 714 2493 proceribus
746 2410 878 2478 differat
911 2411 1142 2492 perspiciatur.
1199 2410 1294 2496 Quod
1329 2416 1368 2476 ut
1397 2430 1484 2478 asse·

203 2537 374 2613 queretur,
399 2530 478 2596 nihil
512 2535 586 2595 erat
621 2548 678 2594 cm·
711 2528 859 2609 pluribus
884 2535 916 2594 et
953 2528 1184 2594 disertioribus
1223 2527 1376 2593 laudibus
1412 2547 1483 2594 eum

202 2639 400 2724 efferret“⁴).
447 2643 552 2728 Quam
578 2646 617 2709 ob
642 2664 710 2709 rem
728 2645 809 2710 baec
827 2663 910 2725 quae
934 2644 976 2709 ad
993 2643 1174 2726 Traianum
1191 2649 1344 2724 spectant
1368 2643 1483 2728 primo,

202 2767 239 2826 ut
263 2761 311 2827 ita
335 2761 451 2843 dicam,
477 2768 613 2842 aspectu
637 2760 766 2826 modica
789 2760 976 2843 frigidaque
1010 2759 1178 2840 videntum
1208 2761 1344 2842 propius
1373 2765 1482 2826 autem

201 2877 404 2943 intuentibus
430 2877 597 2942 contraria
612 2877 850 2942 demonstrant.
898 2875 1022 2941 Sensus
1048 2877 1133 2941 enim
1157 2894 1311 2944 versuum
1339 2874 1393 2942 hie
1416 2879 1482 2943 est:

201 2993 275 3059 Viri
305 2994 428 3059 litteris
457 2993 560 3058 ‹lediti
589 2994 711 3058 nullam
740 2993 863 3058 babent
891 2993 981 3074 spem
1010 2991 1170 3057 utilitatis
1199 2991 1339 3057 alieuius
1372 2991 1482 3058 esuis

201 3107 367 3174 laboribus
399 3108 587 3190 capiendae,
623 3108 764 3190 nullam,
799 3127 858 3172 cur
881 3107 1073 3173 incumbant
1096 3107 1128 3174 in
1156 3106 1272 3191 studia,
1310 3107 1482 3191 rationem,

200 3224 263 3290 nisi
280 3225 312 3289 In
328 3224 538 3305 imperatoris
554 3223 788 3290 berrevolentia
804 3230 839 3289 et
854 3223 1058 3290 liberalitate
1075 3223 1233 3304 positam3
1258 3242 1342 3289 unus
1361 3222 1482 3288 etenim

201 3339 325 3406 Caesar
349 3341 382 3405 in
407 3360 516 3406 nuusas
550 3341 611 3405 boe
639 3345 786 3421 ternpore
821 3339 964 3404 afflictas
991 3339 1103 3404 oculos
1133 3337 1276 3404 coniecit
1305 3356 1483 3420 earumque

200 3455 343 3537 inopiam
369 3463 403 3522 et
432 3457 639 3522 solitudinem
672 3451 907 3540 sublevavit⁵).
956 3455 1184 3522 Studiosorum
1208 3474 1302 3520 nemo
1327 3454 1482 3536 deinceps

200 3572 311 3652 inopia
334 3571 587 3655 conflictabitur,
612 3572 773 3638 nemiuem
798 3572 831 3637 in
856 3577 1023 3654 posterum
1053 3591 1094 3636 ex
1126 3570 1178 3654 iis,
1210 3570 1265 3652 qui
1295 3571 1337 3637 ad
1366 3570 1481 3654 poesin

201 3688 344 3753 cunnum
385 3681 623 3770 applicabunt,
654 3693 786 3771 egestas
832 3693 929 3770 coget
962 3689 1004 3752 ad
1040 3693 1130 3753 artes
1166 3686 1316 3753 sordidas
1349 3693 1385 3752 et
1415 3686 1481 3768 ipsi

201 3803 353 3888 indignas
377 3803 576 3870 descendere
587 3803 624 3888 ⁰).
680 3804 788 3870 blasti
813 3803 949 3888 arrimiS,
974 3802 1216 3870 adolescentes!
1254 3823 1293 3869 en
1328 3802 1482 3904 princeps

309 3990 331 4056 ¹)
359 3990 413 4042 Din
434 3990 510 4043 Cass.
531 3991 651 4060 LXVIII,
671 3993 686 4042 7
707 3995 720 4056 ᾗ
739 3991 764 4044 3.

306 4079 330 4145 ²)
359 4077 397 4131 Cf.
420 4097 490 4148 qnae
511 4097 597 4150 supra
615 4098 642 4150 p.
662 4081 696 4131 19
716 4097 756 4149 sq.
778 4082 811 4133 de
830 4081 882 4133 bae
902 4097 931 4133 re
951 4082 1082 4133 diximus.

306 4167 331 4234 3)
360 4169 421 4222 Vid.
441 4171 634 4239 Synneuberg,
654 4171 671 4222 l.
691 4171 707 4221 l.
727 4188 754 4242 p.
774 4171 817 4222 80.

305 4257 330 4325 ⁴)
360 4259 400 4310 De
420 4261 513 4328 axilla,
532 4277 558 4328 p.
578 4260 621 4311 28.

307 4349 332 4414 ⁵)
361 4350 416 4402 Sat.
444 4349 502 4416 Vll,
526 4349 608 4400 1-3:
654 4350 706 4414 „Et
730 4365 794 4418 spes
822 4354 849 4402 et
877 4352 948 4402 ratio
974 4350 1130 4402 studiorum
1153 4351 1181 4402 in
1211 4349 1329 4418 Caesare
1355 4353 1473 4402 tuntum:

200 4437 281 4490 Solus
302 4440 375 4490 enim
395 4441 488 4490 tristes
509 4439 560 4491 bac
580 4441 746 4508 tempestate
766 4455 896 4492 carnenas
915 4441 1058 4509 Respexit.
1471 4499 1474 4506 ,

305 4526 330 4593 i)
349 4513 1476 4598 lb.v.17-18:„NeinetamenstudiisindignumserrelaboremCogeturposthae.“
