3456 5064
818 373 860 434 43

735 457 948 466 *—

199 583 272 652 veri
307 603 349 648 ne
384 601 463 648 casu
496 583 624 663 quidem
657 583 857 665 pervenerit.
914 581 1153 664 Diligentiores
1187 580 1283 662 enim,
1319 597 1414 660 qnam
1445 583 1482 644 ut

200 699 278 781 quio
315 705 440 764 temere
478 705 578 780 atque
613 720 654 764 ex
689 699 826 764 arbitrio
864 699 989 780 fingere
1025 696 1196 779 auderent,
1236 695 1480 761 vetustissimos

200 814 377 882 luvenalis
400 814 493 881 vitae
528 820 682 880 auctores
717 815 818 881 fuisse
842 820 933 896 puto.
991 813 1097 899 Quam
1128 815 1168 878 ob
1201 832 1269 878 rem
1306 819 1481 879 tantuma

200 930 347 997 Straokii
363 930 532 996 sententia
547 932 670 1012 absum,
695 936 733 996 nt
756 950 819 996 non
836 931 930 996 modo
954 949 1017 996 non
1040 928 1184 995 arbitrer
1205 929 1296 994 exilii
1316 927 1481 994 mentione

203 1049 344 1114 vitarum
369 1066 495 1111 omnem
518 1047 614 1112 fidem
638 1048 762 1112 elevari
785 1067 892 1129 posse,
927 1046 984 1112 sed
1009 1067 1050 1113 ex
1073 1047 1135 1112 hoe
1157 1046 1228 1127 ipso
1251 1044 1361 1126 exilio,
1394 1043 1481 1125 quod

201 1165 295 1228 homo
320 1164 436 1229 doetus
459 1164 640 1247 impugnat,
665 1165 719 1230 vel
743 1164 884 1229 maxime
909 1168 1058 1246 apparet,
1094 1181 1158 1228 non
1194 1161 1303 1228 onmia
1337 1160 1481 1226 vitarum

200 1280 391 1346 testimonia
414 1299 456 1346 ex
478 1279 611 1363 ingenio
632 1286 756 1346 temere
773 1287 907 1361 arrepta
931 1280 983 1344 vel
1008 1299 1025 1344 e
1049 1277 1164 1345 satiris
1179 1279 1375 1360 deprompta
1397 1294 1482 1342 esse.

200 1387 249 1452 Ut
271 1407 339 1452 rem
364 1387 543 1468 absolvam,
568 1386 629 1451 hoe
654 1387 846 1452 monendum
872 1393 960 1470 puto,
995 1406 1058 1452 non
1083 1387 1187 1452 solum
1213 1391 1343 1450 veteres
1377 1389 1482 1450 testes

200 1503 234 1568 in
266 1502 364 1568 exilio
401 1502 595 1568 affirmando
627 1503 744 1568 mirum
775 1503 808 1568 in
838 1503 968 1569 modum
1004 1522 1067 1568 uno
1103 1523 1159 1568 ore
1192 1502 1387 1584 consentire,
1423 1499 1481 1566 sed

201 1619 302 1685 etiam
337 1619 412 1684 huie
446 1619 496 1683 rei
531 1638 642 1684 omnes
677 1619 889 1702 recentiores
925 1619 954 1684 si
990 1619 1201 1702 Franokium,
1224 1618 1491 1699 'Duentzerum,>

199 1735 399 1816 Kempfium,
428 1733 615 1800 Straekium
640 1735 796 1817 excipias
822 1735 1030 1816 adstipulari.
1087 1737 1210 1802 Eorum
1247 1733 1424 1800 clarissimi
1447 1731 1480 1798 hi

200 1857 292 1917 sunt:
318 1850 354 1917 Ο.
369 1851 426 1916 Fr.
440 1847 700 1934 Hermannus¹),
724 1847 936 1935 Baelrrinsss)
961 1851 1140 1918 Teuffelius
1152 1849 1188 1934 ³,)
1205 1843 1480 1933 Bernhardius⁴),

201 1962 424 2046 Siebold11s⁵)‚
464 1965 680 2050 1911111133),
722 1962 975 2051 Borghesius⁷),
1014 1964 1205 2052 Bergins⁸).
1248 1962 1480 2048 Vesrovius⁹),

199 2079 1481 2167 1111811133),9611111133),ὃγηιιειϋθτςιιιεη)Μείηθῑῖῑίιιε33),1111ε(1·

201 2200 375 2267 laenderus
389 2193 436 2281 13),
461 2198 654 2280 Stampinus
668 2195 717 2282 33),
742 2200 945 2266 Ribbeekius
962 2196 1012 2283 33).

306 2317 404 2382 Nune
437 2317 669 2398 examinemus
703 2336 779 2382 num
813 2315 869 2380 soh
898 2316 1041 2382 lintona
1075 2316 1251 2383 luvenalis
1263 2355 1269 2379 *.
1283 2315 1317 2381 in
1347 2314 1480 2380 exilium

202 2434 290 2500 mitti
314 2433 462 2514 potuerit
475 2425 525 2516 13).
573 2432 646 2518 Qun
670 2432 703 2497 in
728 2452 764 2496 re
788 2434 849 2498 hoo
879 2433 1017 2514 primum
1043 2431 1215 2499 observari
1239 2431 1347 2512 (lebet,
1378 2430 1489 2498 vitam·

309 2681 331 2747 ¹)
359 2682 477 2735 Praeset.
497 2681 596 2733 lunen.
617 2681 692 2750 edit,
710 2699 737 2750 p.
758 2682 794 2732 lV
816 2697 856 2749 sq.
877 2712 911 2720 —
931 2681 973 2734 De
993 2687 1044 2734 ent.
1065 2687 1135 2751 sept.
1156 2687 1239 2751 temp.
1258 2699 1285 2751 p.
1305 2681 1322 2732 3
1342 2697 1382 2750 sq.

308 2771 332 2837 ²)
363 2769 463 2822 Geseln.
484 2771 510 2822 d.
529 2771 660 2824 romisclr.
681 2772 803 2839 Literat,
823 2772 843 2823 l.
862 2771 912 2823 Bu.
933 2771 957 2822 1.
978 2771 1064 2824 Abtlr.
1082 2789 1108 2840 p.
1128 2770 1179 2823 691
1200 2771 1231 2838 (4
1250 2771 1338 2837 edit).

308 2860 331 2926 ’3)
360 2861 389 2911 L.
409 2860 492 2929 laud,
512 2875 538 2928 p.
558 2861 617 2912 756.
639 2891 672 2899 -
691 2861 769 2912 Neue
788 2860 883 2911 Jahrb.
904 2861 920 2911 f.
941 2860 1010 2912 Phil.
1032 2879 1056 2913 u.
1076 2861 1151 2930 Pon,
1171 2861 1219 2913 Bd.
1239 2860 1274 2912 43
1294 2877 1319 2930 p.
1340 2859 1400 2911 199.

306 2948 331 3015 3)
361 2949 510 3002 Grundriss
537 2951 586 3002 der
610 2950 769 3002 rtimioelren
793 2950 940 3019 Literatur,
966 2951 1065 3003 Fiinlte
1091 2951 1294 3019 Beorbeitnng,
1317 2950 1338 3002 l.
1360 2949 1481 3002 Abtlreil.

145 3080 147 3084 ,
200 3039 427 3108 Bronnselrweig,
447 3039 517 3092 1869
536 3058 562 3110 p.
582 3040 642 3092 644.

307 3130 330 3194 3)
359 3129 415 3181 Dee
434 3130 578 3182 luvenalis
604 3130 713 3183 seelrste
733 3132 838 3201 Sotira,
862 3131 1096 3202 Braunsclrweig,
1122 3131 1200 3200 1854,
1227 3131 1337 3182 Einleit.
1357 3145 1383 3199 p.
1402 3127 1481 3180 4:-

201 3219 253 3270 Die
272 3219 381 3270 Satiren
405 3219 453 3271 des
472 3220 616 3272 luvenalis
642 3223 693 3272 mit
717 3223 882 3274 metriselrer
900 3223 1118 3290 Uebersetznng,
1138 3223 1258 3290 Leipzig,
1284 3218 1354 3272 1858
1373 3221 1400 3271 in
1422 3235 1480 3288 eop.

201 3307 275 3374 quod
294 3308 454 3359 inscribitur·
475 3309 546 3374 „an
566 3309 833 3376 Lebensgeselrielnte
854 3312 902 3363 des
923 3311 1079 3379 Dichtero“,
1098 3328 1124 3380 p.
1144 3310 1207 3362 XVI
1227 3325 1268 3378 sq.

306 3395 330 3460 3)
359 3395 475 3450 Jrnenol
495 3404 523 3450 et
542 3415 586 3450 ses
606 3401 714 3467 satires,
733 3401 931 3469 rrrtroduetron,
950 3418 975 3470 p
995 3401 1020 3452 X
1039 3416 1080 3468 eq.

308 3485 331 3552 3)
360 3487 456 3539 Annot
445 3489 547 3539 tozioni
566 3505 583 3540 a
603 3481 761 3559 Grovenale,
780 3507 806 3559 p
827 3490 887 3542 51⁶2.

306 3576 330 3642 3)
359 3577 387 3628 L.
407 3577 424 3632 l.
444 3595 470 3646 p.
491 3577 532 3629 18.

306 3664 330 3732 3)
359 3667 387 3718 L.
407 3667 424 3721 l.
445 3684 470 3736 p.
490 3667 579 3719 XVlll
599 3683 639 3735 sq.

306 3755 332 3822 3)
359 3757 388 3808 L.
408 3757 425 3808 l.
445 3775 469 3826 p
491 3756 542 3808 207
563 3773 604 3824 sq.

311 3846 332 3913 ¹)
361 3847 389 3898 L.
409 3847 427 3898 l.
447 3847 591 3912 Einleit.§
611 3848 643 3898 21
665 3864 704 3916 sq.

309 3939 332 4002 ·)
360 3937 388 3987 L
408 3937 425 3986 l.
446 3954 471 4004 p.
491 3935 526 3987 26
545 3953 586 4005 sq.

308 4024 331 4091 3)
360 4026 414 4076 Zur
427 4026 823 4096 KritikundErkltirnnggder
836 4029 984 4081 Satirfflend
995 4030 1113 4082 Juvenal
1117 4028 1251 4099 ,Konitz,
1271 4027 1378 4097 1871p.
1391 4023 1481 4081 teto.

319 4119 331 4181 )
362 4115 423 4167 Vid.
443 4131 518 4184 supr
477 4133 563 4186 pp
584 4116 618 4168 18
638 4133 678 4184 sq

297 4205 331 4270 1·’)
360 4205 387 4256 L.
407 4206 424 4257 l.
444 4223 470 4275 p.
490 4205 523 4257 19
544 4221 584 4274 sq.

299 4291 333 4362 33)
361 4295 849 4366 Edit.1aud.,praosat.p.X1,X11.
872 4328 901 4336 -
922 4299 979 4350 Der
992 4299 1071 4352 echte
1086 4300 1141 4352 und
1160 4300 1208 4351 der
1224 4298 1340 4350 nneelrte
1353 4295 1481 4364 Juvenal,

199 4399 227 4450 p.
247 4381 288 4436 69.
309 4414 341 4422 -
362 4383 559 4454 Antiquiorum
579 4388 692 4438 nomina
710 4387 764 4440 hno
777 4390 945 4457 pertinentia
958 4390 1031 4458 opud
1050 4390 1237 4442 Hermennum
1250 4391 1278 4441 in
1292 4388 1481 4457 disputatione

199 4471 274 4526 laud.
310 4474 352 4526 De
370 4473 469 4527 Juven.
490 4481 540 4527 sot.
561 4481 630 4545 sept.
651 4482 733 4546 temp.
754 4495 779 4546 p.
800 4478 816 4529 3
837 4483 865 4529 et
883 4479 900 4531 4
919 4485 1081 4532 enumerata
1100 4480 1234 4532 invenies.

297 4561 331 4630 33)
359 4563 401 4616 De
419 4565 539 4636 Nerone,
559 4565 623 4619 Tito
649 4571 677 4618 et
695 4567 795 4637 Nerva,
816 4570 862 4638 qui
881 4575 1009 4622 auctores
1035 4570 1113 4622 exilii
1136 4587 1153 4622 a
1170 4569 1312 4622 nonnullis
1335 4583 1480 4638 perperam

297 3757 304 3786 l

298 3846 305 3876 l

297 3935 318 3966 12

298 4025 318 4056 13

298 4114 316 4145 ll
