3456 5064
730 334 943 459 „24

198 575 252 654 qui
273 575 395 642 codicis
420 576 621 642 arroteritate
647 575 749 642 vitam
775 576 958 658 publicavit
970 572 1003 659 ¹),
1027 576 1112 641 frulso
1135 597 1174 642 ea
1195 575 1268 658 ipsa
1290 578 1399 642 relata
1416 582 1475 643 est.

196 691 284 756 Nam
318 691 447 758 Probus
479 691 554 774 iste,
589 713 609 758 a
641 691 797 758 Suetonio
837 700 1038 759 memoratus
1050 689 1088 775 ²),
1121 694 1255 758 Nerone
1293 693 1477 774 imperante

196 807 284 874 vixit
315 815 359 891 et,
388 815 426 875 ut
459 831 499 874 ex
528 810 689 875 Martiale
719 817 868 893 apparet,
902 812 943 875 ad
971 810 1157 876 Domitiani
1190 817 1340 891 tempora
1373 809 1477 876 vitam

197 925 354 1004 produxit
365 923 402 1005 3).
441 925 561 1006 ltaque
585 926 641 991 illo
667 932 815 1007 tempore
839 929 901 992 iam
927 933 1077 992 mortuus
1100 933 1184 1005 erat,
1211 947 1282 992 cum
1299 926 1478 993 Juvenalis

196 1039 372 1106 rhetoricis
397 1041 567 1106 etiamtum
593 1041 711 1108 studiis
736 1061 866 1123 operam
892 1042 1000 1108 dabat.
1050 1043 1126 1109 Non
1151 1044 1256 1108 minus
1290 1042 1378 1108 falsa
1407 1061 1478 1108 sen-

197 1155 304 1222 tentia
327 1156 492 1238 Stampini
517 1157 597 1222 milri
622 1158 765 1240 videtur,
790 1160 844 1240 qui
871 1159 911 1224 de
937 1159 1043 1225 altero
1074 1159 1213 1240 quodam
1236 1160 1345 1224 Probo
1371 1177 1478 1240 gram-

198 1273 317 1337 matico
343 1274 554 1355 cogitandum
580 1294 653 1340 esse
679 1268 909 1356 suspicatur4).
972 1275 1059 1340 Nam
1092 1276 1231 1356 Probus
1266 1293 1361 1354 quem
1395 1275 1479 1338 Bur-

198 1385 370 1471 mannus⁵)
400 1396 434 1454 et
460 1389 711 1473 Acbaintriusl)
742 1410 760 1456 e
783 1391 949 1457 nonnullis
973 1389 1078 1458 Gellii
1102 1385 1218 1467 locis⁷l
1243 1409 1400 1471 perverse
1431 1391 1479 1456 in·

197 1506 341 1572 telleotis
366 1507 407 1572 ad
433 1507 600 1572 Hadriani
625 1514 773 1589 tempora
796 1508 995 1589 referebant,
1020 1508 1103 1574 idem
1129 1514 1295 1589 astatque
1317 1506 1478 1587 Berytius

198 1618 302 1704 ille⁸).
353 1621 448 1688 Adde
473 1623 583 1705 etiam,
614 1623 700 1704 quod
730 1624 858 1706 Steupii
889 1625 929 1690 de
956 1623 1077 1690 Probis
1107 1624 1282 1706 sententia,
1312 1623 1368 1704 qui
1397 1622 1478 1689 duos

198 1736 342 1803 eiusdem
367 1738 508 1805 nominis
538 1740 772 1822 grammaticos
801 1740 957 1822 deinceps
991 1740 1091 1806 fuisse
1124 1740 1350 1806 demonstrare
1383 1759 1478 1805 cona·

197 1852 343 1937 baturl),
369 1875 389 1919 a
413 1856 572 1922 ueuffeuo
597 1857 744 1922 refutata
768 1853 876 1939 est¹‘').
916 1857 968 1922 De
998 1857 1119 1922 ceteris
1143 1875 1222 1922 vero
1252 1855 1348 1922 huius
1377 1856 1479 1921 nomi·

197 1970 249 2034 nis
275 1971 502 2051 grammaticis
526 1973 683 2052 temporis
707 1973 900 2053 posterioris
923 1992 1017 2038 nemo
1042 1978 1103 2055 est,
1129 1972 1184 2053 qui
1201 1972 1333 2055 cogitet.
1391 1972 1479 2036 Tota

198 2085 283 2149 enim
315 2086 465 2167 quaestio
490 2088 529 2153 de
554 2089 786 2169 grammaticis,
818 2088 874 2169 qui
897 2108 1015 2154 nomen
1046 2089 1147 2153 Probi
1176 2107 1316 2170 praese
1355 2087 1477 2170 ferunt,

200 2201 313 2268 densis
347 2204 493 2268 tenebris
529 2204 679 2270 involuta
712 2213 774 2288 est,
807 2225 911 2286 neque
945 2210 1056 2272 tamen
1088 2225 1171 2272 unus
1203 2206 1237 2272 in
1270 2226 1308 2271 eo
1343 2225 1477 2272 numero

200 2317 379 2401 invenitur,
421 2319 475 2400 qui
515 2321 675 2388 Juvenali
711 2322 887 2388 tractando
922 2340 1054 2402 operam
1094 2321 1281 2388 navaverit.
1351 2320 1478 2404 Quibus

200 2440 311 2501 autem
343 2437 451 2503 causis
480 2438 598 2503 ductus
627 2438 729 2505 Valla
757 2439 859 2504 vitam
889 2437 1067 2504 Juvenalis
1096 2440 1204 2504 Probo
1234 2437 1399 2521 tribuerit,
1431 2437 1479 2503 in-

199 2560 323 2619 certum
350 2561 415 2620 est:
441 2556 523 2621 nihil
547 2556 631 2621 enim
657 2555 728 2637 ipse
753 2555 793 2622 de
818 2577 858 2623 ea
885 2575 921 2622 re
950 2555 1044 2621 nobis
1074 2555 1223 2638 tradidit,
1254 2555 1357 2620 codex
1388 2574 1477 2638 vcro,

199 2689 240 2734 ex
269 2689 331 2750 quo
363 2671 465 2736 vitam
498 2673 531 2737 in
564 2673 669 2737 lucem
703 2672 854 2754 protulit,
887 2691 973 2738 nunc
1006 2691 1070 2737 non
1104 2675 1224 2736 exstat.
1272 2672 1311 2736 Iu
1346 2671 1479 2752 optimis

199 2804 277 2851 vero
310 2787 474 2853 codicibus
503 2787 745 2870 Juvenalianis,
776 2789 961 2854 Pithoeauo
992 2794 1027 2853 et
1055 2786 1274 2871 Sangallensi,
1304 2787 1358 2868 qui
1390 2787 1478 2854 baud

199 2902 298 2967 dubie
324 2923 341 2968 e
366 2903 595 2969 vetustissimo
620 2904 677 2970 illo
702 2904 823 2986 codice,
848 2925 943 2986 quem
967 2905 1068 2974 Valla
1092 2905 1134 2970 ad
1158 2923 1289 2970 manum
1306 2905 1476 2987 babuerat,

198 3024 385 3099 manarunt,
413 3039 454 3084 ne
479 3020 622 3103 vestigia
646 3020 776 3101 quidem
800 3020 901 3086 Probi
935 3021 1075 3086 nominis
1105 3019 1327 3101 reperiuntur.
1384 3018 1477 3104 Quae

199 3155 271 3201 cum
297 3135 345 3202 ita
377 3136 455 3216 sint,
489 3155 553 3202 non
587 3143 649 3219 est,
683 3138 768 3217 quod
801 3138 997 3217 dubitemus,
1033 3139 1109 3219 quin
1145 3139 1226 3222 rita,
1261 3159 1344 3219 quae
1378 3138 1477 3220 vulgo

197 3251 298 3318 Probi
326 3251 460 3334 dicitur,
486 3272 506 3317 a
530 3253 668 3334 quodam
694 3253 884 3337 scholiasta,
902 3254 955 3321 vel
976 3255 1210 3336 ,compilatore
1227 3252 1476 3338 grammatico“,

201 3486 521 3495 m.

305 3673 327 3742 ¹¹t
357 3674 387 3724 ln
407 3673 471 3724 edit.
494 3673 610 3742 Veneto,
629 3673 708 3724 1483.

304 3765 327 3830 ²)
357 3764 400 3816 De
419 3764 521 3816 illustr.
541 3780 657 3832 gramm.
678 3780 700 3814 c.
721 3763 763 3814 24.

303 3851 327 3919 ³)
355 3853 434 3906 Mart.
454 3854 505 3922 Ep.
524 3853 571 3922 lll,
591 3855 614 3904 2.
635 3884 668 3892 —
689 3851 728 3904 Cf.
748 3853 888 3919 Matthias,
908 3853 949 3904 De
970 3852 1085 3905 scholiis
1104 3853 1294 3904 Juveualianis
1314 3869 1339 3922 p.
1359 3852 1384 3904 3.

301 3942 325 4010 ⁴)
354 3944 394 3994 De
413 3944 446 3995 D.
466 3943 541 3995 Junii
559 3943 703 3996 luvenalis
723 3944 788 4011 vite,
811 3942 957 4011 Augustae
978 3942 1172 4011 Taurinorum,
1195 3941 1260 3994 1881
1280 3960 1307 4010 p.
1328 3943 1351 3994 7.

303 4033 327 4099 ⁵)
355 4033 400 4084 Ad
421 4034 524 4102 Vergil.
545 4033 602 4099 (ed.
622 4032 827 4086 Amstelodem.
847 4031 940 4101 1746),
960 4032 990 4085 T.
1010 4033 1036 4084 ll
1055 4049 1080 4101 p.
1100 4032 1144 4084 35.

302 4120 326 4176 ⁸l
355 4122 386 4173 ln
405 4123 469 4174 edit.
489 4123 616 4174 Juvenal.
636 4124 722 4174 Paris.
742 4122 821 4192 1810,
841 4122 866 4174 ll
884 4138 910 4190 p.
931 4120 973 4176 76.

304 4209 327 4274 ⁷)
358 4212 439 4265 Noct.
459 4211 518 4264 Au.
538 4212 559 4280 l,
579 4212 684 4281 1531v,
705 4212 733 4280 7,
753 4212 799 4278 Vl,
819 4212 834 4262 l
855 4211 899 4278 (3)
919 4211 983 4264 alib.

303 4298 327 4367 ⁸)
359 4300 496 4369 Osannus,
525 4301 654 4370 Beitrlige
682 4318 731 4352 zur
759 4301 862 4370 grieclr.
883 4317 908 4352 u.
933 4300 1063 4354 rdmisch.
1093 4299 1327 4368 Liberatnrgescb.
1357 4300 1476 4368 Leipzig,

196 4390 266 4443 1839
285 4408 311 4460 p.
332 4389 384 4441 109
404 4406 444 4457 sq.
465 4388 503 4442 Ol'.
523 4407 549 4459 p.
563 4390 623 4443 262.

301 4477 312 4510 ⁹
355 4479 448 4548 Steup,
468 4479 509 4531 De
529 4480 626 4532 Probis
646 4481 844 4548 grammaticis,
862 4479 958 4548 lenae,
978 4480 1055 4532 1871.

292 4568 313 4600 ¹⁰
354 4567 468 4622 Studien
487 4569 543 4622 rand
564 4567 771 4638 Charakterist,
789 4586 816 4641 p.
834 4568 986 4622 442-445.
