3456 5064
739 327 951 418 Aa„

205 537 382 618 silentium,
407 542 524 602 contra
546 534 787 618 Synncnbergii
799 529 832 616 ¹),
864 533 1027 615 Sampini
1039 529 1077 616 ²),
1103 530 1280 616 obrisum)
1306 532 1487 617 opiniones

206 653 328 718 nullam
345 651 505 718 huiusrei
523 651 730 717 offensionem
747 651 907 733 praebere
923 656 1043 733 potest.
1083 651 1170 715 Nam
1187 670 1228 715 ex
1244 649 1298 715 his
1314 649 1488 716 Martialis

207 767 415 851 testimoniis,
441 775 479 834 ut
494 767 689 835 Schwabius
712 786 817 850 nuper
840 767 1024 834 rectissime
1048 765 1185 849 monuit,
1210 765 1244 831 id
1269 767 1373 833 solnm
1397 772 1488 832 recte

206 885 289 950 sumi
313 890 433 968 potest,
450 887 475 952 J
479 886 650 952 uvenalem
667 903 741 950 ann.
765 891 807 950 92
825 891 859 950 et
877 889 1051 950 rol-102
1068 886 1194 950 Romae
1212 889 1378 950 versatum
1398 901 1487 964 esse;

208 1020 309 1080 quare
326 999 408 1066 nihil
425 1001 571 1083 impedit,
586 1002 756 1082 quominus
769 1001 901 1066 exilium
919 1000 961 1066 ad
978 1006 1126 1066 extrema
1139 998 1323 1065 Domitiani
1339 1004 1489 1080 tempora

205 1109 431 1198 referamus⁴).
479 1117 531 1182 Ne
565 1115 756 1198 Stampinus
768 1113 793 1196 ⁵)
827 1116 958 1198 quidem
993 1122 1028 1182 et
1062 1113 1278 1198 Strackius⁶l
1312 1114 1483 1197 probandi,

205 1251 276 1296 cum
311 1252 352 1298 ex
386 1232 536 1298 Suetonii
560 1233 728 1314 Pliniique
760 1232 903 1300 Secundi
937 1233 977 1299 de
1005 1233 1197 1299 Domitiano
1229 1231 1320 1298 exilii
1351 1236 1486 1298 auctore

206 1347 339 1414 silentio
364 1347 581 1430 suspicionem
612 1349 708 1416 liuius
739 1350 788 1414 rei
817 1349 941 1416 moveri
970 1369 1067 1431 posse
1090 1348 1267 1414 affirmant.
1314 1348 1402 1413 Nam
1426 1365 1487 1413 nec

205 1463 362 1531 Aurelius
378 1465 505 1546 Victor,
530 1485 591 1530 nec
609 1465 729 1530 Aelius
745 1464 953 1548 Spartianus,
978 1485 1039 1531 nee
1062 1463 1127 1530 Dio
1152 1464 1288 1530 Cassius
1311 1463 1483 1545 quiequam

207 1580 247 1646 de
272 1581 370 1646 exilio
394 1581 571 1647 «luvenalis
595 1583 656 1646 sub
679 1581 864 1664 Hadriano,
889 1601 984 1662 quem
1008 1580 1200 1662 Stampinus
1217 1599 1276 1662 pro
1293 1579 1484 1645 Domitiano

204 1691 404 1780 proponit⁷),
434 1698 527 1763 nobis
551 1697 772 1764 tradiderunt.
819 1697 994 1764 Silentium
1018 1717 1108 1780 vero,
1140 1698 1224 1780 quod
1249 1696 1427 1763 Suetonius
1451 1701 1486 1762 et

203 1814 333 1879 Plinius
360 1813 530 1880 Secundus
554 1813 594 1880 de
618 1815 679 1880 hac
703 1835 739 1880 re
763 1819 878 1898 agunt,
903 1815 1000 1880 facile
1024 1813 1256 1897 explicabitur,
1282 1813 1310 1880 si
1335 1813 1486 1879 memine-

204 1929 316 2012 rimus,
342 1935 543 2011 quantopere
560 1949 669 1995 rernm
691 1935 860 2014 gestarum
878 1931 1058 2012 scriptores
1075 1930 1308 1996 crudelitatum
1326 1929 1484 2011 temporis

204 2047 254 2112 sui
277 2047 385 2112 tristis
408 2047 631 2128 descriptione
654 2046 791 2130 fatigati
814 2044 987 2129 fuerint⁸).
1037 2047 1168 2128 Operae
1193 2045 1334 2128 pretium
1359 2051 1411 2111 est
1433 2045 1485 2110 bic

204 2163 314 2229 Taciti
342 2165 443 2231 verba
472 2184 513 2229 ex
542 2163 721 2230 Annalium
755 2163 849 2230 libris
880 2164 1016 2232 referre.
1062 2165 1119 2229 Ita
1148 2165 1188 2230 de
1213 2161 1340 2230 Tiberii
1369 2167 1482 2228 aetate

203 2276 639 2364 (asp.011r.ann.)naec
667 2279 821 2364 legimus:
862 2281 971 2363 „Nam
996 2281 1078 2346 situs
1102 2279 1265 2363 gentium,
1298 2277 1482 2346 varietates
1528 2362 1530 2367 Ι

203 2397 414 2480 proeliorum,
439 2397 520 2463 clari
546 2398 662 2464 ducum
687 2396 796 2463 exitus
819 2398 966 2463 retinent
988 2417 1027 2464 ac
1052 2397 1283 2481 redintegrant
1301 2396 1482 2479 legentium

203 2511 362 2578 animum:
388 2533 447 2579 nos
464 2533 566 2580 saeva
582 2514 681 2596 iussa,
700 2514 874 2580 continuas
892 2513 1133 2596 accusationes
1150 2489 1289 2580 fallaces
1305 2511 1482 2595 amicitiae,
1587 2495 1589 2500 ¹

203 2630 379 2710 perniciem
403 2629 625 2696 innocentium
651 2635 685 2696 et
708 2629 839 2696 easdem
864 2629 958 2696 exitii
982 2650 1098 2696 causas
1122 2629 1361 2713 coniungimus,
1386 2629 1483 2696 obvia

203 2765 311 2810 rerum
337 2745 553 2812 similitudine
577 2752 612 2812 et
635 2744 816 2812 satietate“
832 2743 867 2830 θ).
916 2747 1010 2812 Idem
1041 2747 1081 2812 de
1111 2745 1256 2812 Neronis
1280 2744 1483 2827 temporibus

203 2859 291 2945 (ann.
318 2861 388 2944 66);
415 2863 548 2946 ‚‚Eltiam
567 2863 595 2928 si
612 2863 701 2930 bella
724 2870 861 2930 externa
877 2869 912 2930 et
928 2863 1036 2930 obitas
1059 2883 1119 2946 pro
1143 2884 1180 2930 re
1203 2863 1336 2946 publica
1359 2867 1483 2928 mortes

202 2982 298 3044 tanta
322 2997 454 3044 casuum
479 2979 694 3045 similitudine
717 2999 906 3064 memorem,
938 2999 1052 3061 meque
1075 2981 1181 3062 ipsum
1207 2979 1313 3048 satias
1337 2977 1482 3061 cepisset

203 3095 408 3176 aliorumque
432 3095 576 3161 taedium
601 3102 839 3179 exspectarem,
865 3097 1016 3178 quamvis
1039 3099 1194 3163 honestos
1219 3095 1339 3162 civium
1363 3095 1481 3178 exitus,

203 3213 318 3277 tristes
342 3217 453 3278 tamen
478 3217 513 3277 et
536 3211 710 3278 continuos
733 3213 968 3294 superantium,
994 3219 1030 3278 at
1053 3232 1139 3279 nunc
1162 3211 1329 3296 patientia
1351 3211 1482 3278 servilis

203 3335 394 3408 tantumque
419 3327 591 3412 sanguinis
620 3329 705 3395 domi
729 3329 893 3410 perditum
918 3328 1064 3414 fatigant
1087 3330 1231 3396 animum
1255 3336 1290 3395 et
1313 3327 1482 3395 maestitia

203 3545 523 3553 m·

307 3709 330 3777 ¹)
357 3712 440 3780 ibid,
459 3729 486 3780 p.
505 3709 548 3762 86.

308 3801 331 3866 ²)
360 3802 389 3852 L.
408 3801 426 3852 l.
446 3819 472 3870 p.
491 3800 535 3852 40.

307 3889 330 3956 ³)
358 3879 433 3944 siber
453 3891 497 3943 die
517 3891 570 3942 Art
588 3891 645 3942 und
664 3891 794 3943 Tendenz
814 3891 863 3943 der
881 3891 1098 3944 Juvenoliscben
1118 3891 1354 3961 Personenkritik,
1378 3891 1481 3944 Laude·

199 3979 269 4032 kron
289 3981 318 4031 in
338 3981 473 4048 Bdhmen,
492 3979 562 4032 1881
581 3998 608 4050 p.
628 3981 670 4033 22.

305 4068 329 4135 ⁴)
358 4069 620 4140 Teuffel-Schwabe,
639 4069 719 4124 nom.
739 4070 1040 4140 niteret-Gesehicbte,
1060 4070 1086 4124 4.
1105 4070 1188 4140 Auil,
1207 4087 1234 4140 p.
1254 4070 1314 4123 757.

305 4159 329 4225 ⁵)
357 4159 386 4212 L.
405 4160 423 4212 l.
442 4176 468 4228 p.
487 4159 531 4215 40.

305 4247 329 4315 ⁸)
357 4249 386 4301 L.
406 4249 424 4302 l.
443 4267 469 4320 p.
489 4249 532 4302 24.

306 4335 329 4404 1)
357 4339 441 4408 ibid,
460 4356 486 4408 p.
505 4338 540 4391 43
560 4355 601 4408 sq.

305 4425 328 4495 8)
361 4427 401 4481 Cf.
420 4428 482 4482 libr.
502 4445 595 4482 meum
615 4429 649 4482 de
668 4430 767 4483 Juvcn.
787 4435 839 4483 sat.
857 4432 956 4500 prima,
974 4447 1000 4500 p.
1020 4429 1081 4482 113.

304 4516 329 4586 ⁹)
357 4519 440 4588 Anu,
458 4518 505 4588 IV,
523 4518 566 4574 33.
