3456 5064
909 361 927 419 2

811 443 1023 452 *-

382 566 435 630 De
459 565 582 649 eripiare
605 567 748 632 omnium
766 567 881 633 barum
898 569 1041 635 vitarum
1058 569 1128 650 hoc,
1155 573 1192 634 ut
1208 569 1331 650 opinor,
1357 575 1447 635 recte
1465 569 1553 635 affir-

277 681 360 746 mari
376 687 495 764 potest,
520 701 577 748 eas
594 702 611 748 e
628 683 766 765 quodam
783 684 1009 750 vetustissimo
1029 683 1131 764 fonte,
1157 703 1218 762 quo
1236 703 1289 748 res
1305 683 1330 748 J
1334 685 1553 751 uvenalianae

277 797 537 880 continerentur,
561 818 646 863 nunc
670 799 851 881 deperdita,
869 799 1002 865 fluxisse
1021 785 1164 866 omnes'
1186 799 1425 884 Synnerbergii
1443 808 1554 866 autem

277 913 443 979 sententia
458 915 539 980 haec
556 920 607 979 est
626 915 764 998 „omnia
782 935 865 996 quae
884 915 1032 1012 advitae
1045 916 1070 980 J
1073 916 1222 982 uvenalis
1239 916 1391 981 notitiam
1410 917 1555 998 pertine-

275 1035 359 1112 rent,
385 1029 488 1110 primo
506 1029 539 1094 in
557 1029 796 1110 antiquissimis
821 1019 1065 1125 commentariis
1082 1033 1124 1097 ad
1147 1032 1268 1097 satiras
1286 1031 1366 1114 eius,
1393 1031 1554 1114 imprimis

275 1145 413 1226 primam
431 1151 464 1211 et
484 1147 667 1228 septimam,
693 1146 833 1228 singulis
855 1129 938 1212 locis
961 1153 1122 1224 annotata
1145 1147 1263 1227 fuisse3
1291 1149 1376 1212 unde
1400 1167 1420 1213 a
1445 1155 1554 1230 poste-

274 1261 416 1326 rioribus
439 1261 665 1344 grammaticis
682 1267 716 1326 et
733 1262 921 1328 sclroliastis
943 1264 1083 1328 collecta
1107 1269 1205 1344 atque
1229 1263 1263 1329 in
1287 1283 1386 1329 arnum
1412 1265 1554 1330 conflata

274 1377 433 1458 paulatim
450 1377 484 1442 in
495 1378 647 1460 vitarum,
662 1379 775 1458 quales
791 1397 876 1444 nunc
893 1380 1059 1462 habemus,
1071 1379 1194 1444 formas
1211 1377 1406 1446 transiisse“
1423 1377 1453 1463 ¹).
1474 1382 1554 1448 Alia

275 1493 441 1557 sententia
480 1498 531 1557 est
568 1493 730 1558 bominum
768 1493 1029 1559 doctissimorum
1070 1491 1281 1578 Franckii²),
1322 1495 1552 1580 Duentzeri³),

275 1601 462 1704 neppam),
477 1607 625 1674 Struckii
636 1603 672 1690 ⁵),
687 1609 742 1689 qni
759 1609 854 1682 fidem
869 1609 1012 1674 vitarum
1026 1611 1157 1676 elevare
1176 1611 1286 1676 conati
1300 1631 1356 1678 eas
1370 1633 1411 1678 ex
1423 1614 1553 1693 quibus·

275 1723 348 1786 dam
377 1723 520 1788 locorum
548 1723 879 1804 interpretationibus
907 1730 998 1790 ortas
1024 1731 1222 1791 statuerunt.
1262 1728 1385 1792 Neutri
1409 1729 1554 1808 opinioni

274 1839 372 1921 plane
394 1839 549 1904 assentiri
568 1858 711 1920 pessum.
748 1840 834 1905 Nam
852 1840 884 1904 iu
899 1841 988 1926 vitis,
1007 1860 1089 1922 quae
1102 1861 1189 1907 nunc
1202 1847 1345 1925 exstant,
1364 1844 1450 1908 haud
1475 1864 1553 1909 raro

275 1953 433 2020 eiusmodi
450 1954 639 2020 testimonia
655 1955 936 2038 deprehendimus
955 1975 1037 2036 quae
1054 1958 1143 2022 nullo
1160 1959 1255 2023 modo
1275 1977 1315 2023 ex
1332 1960 1553 2025 annotationi-

274 2071 333 2136 bus
358 2071 399 2134 ad
423 2070 570 2152 singulos
594 2091 709 2136 versus
734 2072 813 2137 oriri
837 2073 992 2154 potuisse,
1018 2072 1127 2152 quivis
1153 2075 1318 2140 concedet.
1372 2074 1465 2159 Quare
1489 2095 1553 2141 non

269 2168 378 2250 solum
404 2185 601 2251 coniecturis
625 2188 665 2251 de
690 2187 816 2270 origine
844 2188 1045 2272 singularum
1072 2190 1225 2269 vitarum,
1252 2191 1431 2256 sedetiam
1457 2212 1553 2274 argu-

273 2301 393 2367 mentis
410 2320 450 2366 ex
466 2301 605 2366 historia
622 2308 835 2384 veterumque
853 2311 1022 2369 auctorum
1048 2305 1245 2371 testimoniis
1270 2307 1383 2387 petitis
1407 2326 1553 2387 compro·

273 2416 344 2483 bari
363 2418 599 2498 explanarique
616 2437 722 2500 posse,
747 2417 835 2483 infra
859 2420 1052 2486 videbimus.
1090 2420 1187 2486 Nunc
1204 2423 1265 2486 hoc
1282 2424 1428 2488 monebu.
1466 2425 1553 2490 Utnt

274 2553 346 2599 sese
370 2555 423 2600 res
448 2535 487 2600 de
513 2535 638 2617 origine
663 2535 866 2617 singularum
890 2538 1032 2602 vitarum
1063 2538 1177 2620 habet,
1209 2559 1271 2604 non
1298 2547 1362 2622 est,
1394 2541 1477 2622 quod
1503 2542 1552 2606 eis

273 2670 398 2718 omnem
422 2651 517 2716 fidem
543 2652 840 2732 auctoritatemque
866 2655 1069 2737 abrogemus
1095 2673 1167 2719 curn
1188 2655 1462 2721 verisimillimum
1496 2658 1550 2739 sit,

272 2766 336 2832 iam
354 2765 429 2832 inde
447 2769 487 2832 ab
505 2766 650 2848 antiquis
676 2768 877 2848 temporibus
902 2768 930 2833 si
954 2769 1060 2834 minns
1084 2769 1234 2852 integras
1251 2770 1429 2836 luvenalis
1449 2771 1549 2854 vitas,

272 2886 411 2945 atcerte
427 2883 546 2947 breves
564 2881 653 2948 vitae
669 2883 877 2947 narrationes
895 2885 1073 2949 exstitisse.
1094 2882 1208 2965 Atque
1225 2884 1406 2968 Strackius
1424 2887 1550 2951 nullam

271 2994 366 3060 fidem
392 2997 539 3062 vitarum*
561 2998 805 3064 narrationibus
822 2999 1004 3064 habendam
1023 3019 1095 3064 esse
1112 3001 1274 3082 opinatam,
1301 3021 1357 3066 eas
1374 3021 1394 3066 a
1411 3003 1548 3082 quodam

274 3112 424 3192 „bomine
441 3111 676 3192 praepostero“
708 3114 849 3194 scriptas
866 3114 995 3179 censuit
1007 3113 1041 3196 ⁸).
1078 3114 1199 3181 Audio.
1248 3115 1297 3181 At
1325 3137 1397 3182 mea
1421 3118 1550 3197 quidem

272 3228 438 3292 sententia
466 3229 547 3292 haec
579 3233 646 3311 est,
683 3228 782 3293 etiam
816 3229 998 3310 „hominem
1035 3230 1316 3314 praeposterum‘,
1354 3252 1426 3297 crim
1462 3233 1551 3300 vitas

272 3344 441 3425 scriberet,
467 3364 520 3409 res
545 3366 562 3410 e
586 3345 722 3425 quodam
746 3346 973 3425 antiquissimo
998 3346 1108 3412 libello
1133 3367 1219 3412 nunc
1243 3348 1407 3414 oblivione
1433 3352 1549 3417 obruto

271 3459 404 3524 haurire
428 3461 586 3542 potuisse.
635 3461 696 3526 Oui
719 3462 767 3526 rei
792 3461 949 3543 maxiano,
975 3468 1012 3527 ut
1036 3463 1166 3544 opinor,
1193 3464 1385 3531 documento
1410 3467 1548 3548 primum

271 3579 348 3639 sunt
364 3577 507 3641 vitarum
529 3577 807 3661 narratiunculae,
833 3597 914 3659 quas
929 3578 987 3644 vix
1004 3599 1045 3644 ex
1060 3580 1191 3662 ingenio
1210 3580 1381 3660 quisquam
1400 3582 1548 3663 arripere

378 3822 400 3889 ¹)
429 3823 611 3892 Synnerberg,
625 3824 666 3876 De
681 3826 851 3894 temporibus
866 3827 937 3877 vitae
953 3829 1160 3896 carminumque
1174 3829 1207 3880 D.
1220 3829 1245 3882 d.
1256 3830 1408 3899 luvenalis,
1418 3831 1547 3900 Helsing·

270 3912 378 3980 sorsioe,
399 3910 468 3962 1866
487 3929 513 3980 p.
533 3912 557 3964 9.

377 4001 399 4066 ²)
429 4001 553 4053 Examen
574 4003 698 4054 criticum
718 4003 751 4057 D.
771 4003 795 4054 J.
813 4003 957 4056 luvenalis
977 4007 1064 4073 vitoe,
1090 4006 1211 4058 Altonae
1231 4011 1258 4059 et
1278 4008 1395 4078 Lipsiae,
1414 4009 1492 4060 1820.
1513 4040 1547 4050 —

270 4090 402 4154 Quaestio
422 4091 562 4142 alterode
583 4093 640 4142 vita
657 4091 810 4161 luvenalis,
830 4093 955 4163 Dorpati,
976 4094 1053 4146 1827.

376 4177 399 4246 ³)
428 4180 505 4232 Neue
524 4181 618 4232 dalrrb.
640 4181 733 4250 Suppl.
754 4182 803 4234 Bd.
824 4182 860 4233 VI
879 4200 905 4252 p.
925 4183 1074 4236 374-379.

374 4267 398 4334 4)
428 4267 644 4322 Observationes
658 4273 685 4322 in
700 4271 842 4323 luvenalis
856 4273 964 4340 aliquot
978 4274 1055 4326 locos
1070 4276 1303 4345 interpretandos,
1318 4276 1448 4346 Berolini,
1468 4277 1546 4331 1843.

375 4357 398 4422 ⁵)
427 4358 467 4409 De
480 4358 623 4412 «luvenalis
634 4359 727 4429 exilio,
737 4359 886 4412 Franktnrt
895 4378 939 4412 arar
952 4363 1297 4433 Main,1880(t³1·0g1amm
1309 4366 1357 4417 des
1365 4365 1544 4432 Gymnasium

268 4445 483 4498 Fridcricianum
503 4465 535 4499 zn
557 4449 708 4514 Laribuch).

373 4535 398 4601 ὓ)
419 4536 458 4588 De
477 4538 621 4590 luvenalis
641 4538 735 4609 exilio,
755 4557 780 4610 p.
800 4540 842 4596 13.
