3456 5064
755 366 963 458 „m-

217 571 361 638 cohortis
396 569 653 656 ‚‚oetogenario“
688 573 894 640 committere
928 571 1076 656 potuis'se
1112 573 1228 639 eredat
1238 570 1272 654 ¹).
1325 572 1420 658 Quod
1457 575 1499 642 ad

219 688 325 770 ipsius
360 687 529 756 Hadriani
553 709 675 774 morea,
701 689 741 755 de
777 689 894 770 quibus
933 689 1125 771 Stampinus
1160 689 1253 756 exilii
1288 689 1500 758 confirmandi

218 825 318 873 eausa
342 803 535 891 disputat2),
560 807 693 888 attinet,
717 809 780 873 hoo
796 808 898 874 solum
924 825 1038 873 moneo
1047 832 1059 902 :⁴
1080 827 1151 874 cum
1169 807 1287 875 Aelius
1303 808 1500 904 Spartianus

217 924 258 992 de
281 925 510 1007 perseeutione
535 925 756 1008 „libertorum
771 930 806 990 et
820 924 1051 990 nonnullorum
1075 922 1246 1008 militum“,
1275 924 1414 1006 denique
1438 927 1500 1009 „de

217 1040 395 1117 Serviano,
431 1060 525 1122 quern
562 1040 668 1107 virum
699 1041 945 1122 nonagesimum
977 1040 1171 1107 Hadrianus
1203 1041 1285 1106 mori
1318 1039 1498 1126 coegit“³),

217 1155 423 1239 memoravit,
448 1155 550 1222 etiam
569 1155 609 1222 de
626 1156 839 1240 octogenario
862 1163 962 1238 poeta
984 1156 1018 1221 iu
1042 1161 1209 1223 extremas
1232 1156 1363 1238 imperii
1385 1161 1499 1238 partes

217 1273 299 1338 urbe
329 1275 489 1339 summoto
519 1271 718 1338 mentionem
747 1272 897 1356 fecisset,
933 1273 962 1338 si
990 1291 1136 1339 revera
1165 1271 1359 1340 Hadrianus
1383 1278 1500 1338 auctor

218 1387 311 1456 exilii
335 1388 462 1455 fuisset.
510 1387 563 1455 Ao
596 1388 636 1454 de
665 1387 829 1469 Stampini
859 1387 989 1469 quidem
1019 1389 1186 1454 sententia
1215 1387 1298 1454 satis
1326 1381 1496 1471 dietant.

324 1506 497 1570 Postremo
530 1503 820 1572 contradicendum
861 1508 914 1572 est
945 1504 1136 1588 Weidnero,
1170 1505 1226 1586 qui
1253 1504 1288 1570 in
1322 1505 1498 1588 prooemio,

218 1621 355 1688 editioni
378 1620 556 1688 ,luvenalis
579 1620 771 1703 praemisso,
797 1640 815 1686 e
841 1620 969 1688 Sidonii
991 1618 1200 1702 Apollinaris
1227 1622 1390 1689 versibus:

539 1733 617 1800 „Non
638 1734 685 1801 qui
704 1737 829 1802 tempore
849 1731 975 1785 Caesario
995 1733 1109 1784 aeoundi

538 1805 658 1857 Aeterno
677 1804 795 1856 incoluit
813 1804 916 1856 Tomos
935 1807 1023 1873 reatu,

538 1877 596 1929 Nec
616 1878 663 1944 qui
682 1876 820 1928 consimili
839 1875 937 1928 deinde
957 1891 1024 1928 eaau

537 1947 582 1999 Ad
601 1949 678 2016 vulgi
697 1951 809 1999 tenuem
828 1948 978 2016 strepentis
998 1963 1095 2000 armam

538 2019 606 2071 lrati
623 2020 675 2070 luit
693 2018 975 2085 histrionis1exul“²'‘)

218 2121 456 2205 relegationem
480 2120 657 2188 Juvenalis
680 2119 722 2186 ad
739 2119 948 2186 Hadrianum
972 2121 1168 2202 detorquere
1193 2139 1256 2184 non
1281 2117 1495 2202 dubitauit⁶).

218 2237 272 2304 Ad
309 2257 404 2319 quam
431 2237 628 2304 sententiam
653 2236 906 2304 confirmandam
940 2237 997 2303 ille
1019 2239 1114 2303 homo
1153 2237 1268 2302 doctus
1292 2235 1500 2318 Apollinaris

215 2354 318 2420 verba
334 2352 520 2438 „consimili
536 2350 635 2419 easu“
653 2353 702 2419 ita
714 2353 967 2436 interpretatur,
984 2359 1022 2420 ut
1037 2353 1123 2420 idem
1140 2353 1216 2436 sint,
1234 2353 1320 2434 quod
1341 2358 1499 2436 „aeterno

214 2467 345 2538 reatu.“
392 2470 443 2537 At
465 2489 531 2536 non
562 2475 664 2537 recte.
716 2471 803 2536 Nam
829 2470 857 2536 si
890 2469 991 2536 certis
1014 2471 1217 2553 argumentis
1245 2468 1423 2536 Juvenalis
1457 2472 1499 2536 ab

215 2587 315 2654 exilio
338 2586 465 2655 reditus
498 2587 718 2654 demonstrari
740 2605 805 2653 uon
837 2586 1011 2669 potuisset,
1044 2587 1148 2654 verba
1181 2585 1365 2668 „consimili
1398 2583 1498 2652 casu“

215 2705 269 2770 vel
292 2704 335 2771 ad
359 2709 554 2788 „aetemnm
577 2700 728 2770 reatum“
761 2703 817 2772 vel
849 2704 979 2770 omnino
1013 2702 1077 2787 „ad
1100 2699 1370 2787 relegationom“‚
1402 2721 1498 2783 quarn

216 2821 356 2888 Ovidius
389 2827 423 2888 et
454 2820 630 2888 Juvenalis
670 2821 797 2902 pariter
831 2819 922 2901 passi
955 2824 1042 2904 sunt,
1075 2819 1251 2912 referenda
1282 2825 1403 2886 essent.
1449 2818 1500 2886 At

216 2937 368 3019 quoniam
396 2956 461 3003 non
490 2942 552 3017 est,
582 2936 668 3018 quod
696 2936 736 3002 de
769 2940 888 3018 poetae
917 2935 1027 3002 reditu
1057 2935 1254 3020 dubitemus
1286 2937 1371 3003 hano
1401 2956 1499 3004 urnam

215 3054 311 3120 huius
334 3053 398 3120 loci
421 3053 741 3136 interpretationem,
766 3071 851 3135 quae
875 3052 917 3120 ad
942 3071 1143 3118 communem
1168 3050 1330 3135 „similem
1355 3049 1498 3135 aasum“,

215 3171 249 3236 id
284 3175 337 3236 est
373 3169 504 3236 omnino
540 3170 582 3237 ad
620 3168 857 3253 relegationem
899 3173 1040 3252 spectat,
1075 3167 1314 3235 admittendam
1349 3177 1498 3250 apparet.

216 3285 329 3353 Aliter
351 3306 405 3354 res
423 3301 464 3354 'se
480 3288 581 3354 habet
597 3306 668 3353 oum
685 3291 833 3368 sequent.
880 3284 1086 3368 Apollinaris
1109 3285 1174 3351 looi
1188 3303 1287 3352 versu
1311 3284 1389 3370 „Ad
1405 3285 1497 3370 vulgi

216 3407 348 3470 tenuem
383 3404 563 3486 strepentis
597 3399 744 3487 auram‘,
781 3401 873 3469 ouius
907 3422 944 3468 re
978 3421 1060 3469 vera
1095 3403 1208 3485 plures
1248 3403 1524 3486 explicationes,-

216 3539 353 3604 quarum
387 3520 454 3586 alia
486 3519 586 3586 alium
611 3519 713 3586 efficit
736 3538 877 3601 sensum,
911 3523 989 3601 apte
1012 3517 1124 3584 afferri
1147 3523 1296 3601 possunt.
1310 3511 1336 3602 ⁷)
1371 3554 1412 3561 —
1445 3518 1498 3584 De

216 3641 350 3703 auctore
374 3637 465 3703 exilii
487 3636 513 3700 J
515 3636 666 3704 uvenalis
690 3636 773 3702 satis
796 3635 930 3702 dietum.

325 3785 347 3852 ι)
368 3785 408 3838 Of.
427 3787 578 3856 Hermann,
596 3785 638 3838 De
658 3789 710 3838 sat.
730 3788 801 3855 sept.
820 3788 904 3853 temp.
923 3801 950 3854 p.
969 3782 994 3836 6.

323 3876 394 3941 ²)1..
414 3876 431 3927 l.
450 3893 477 3946 p.
499 3875 534 3928 47
554 3879 582 3928 et
599 3874 643 3931 48.

324 3963 348 4032 3)
367 3965 427 4018 Ael.
448 3966 537 4035 Spart.
557 3967 585 4018 in
604 3967 652 4018 vit.
671 3965 755 4018 Hadr.
775 3964 818 4035 14,
838 3965 880 4016 15.

323 4053 348 4122 ⁴)
367 4055 410 4108 De
429 4055 520 4108 verbis
541 4059 586 4122 „et
604 4045 799 4107 te'Philomela
817 4054 972 4125 promovit¹⁴
991 4053 1039 4120 (os.
1059 4051 1114 4104 vit.
1131 4051 1299 4121 Bodleian),
1319 4067 1390 4120 quae
1410 4053 1498 4104 Stam-

216 4147 308 4216 pinus,
341 4143 495 4198 Ribbeekio
518 4149 672 4215 praeeunte
696 4145 796 4214 (praef.
821 4145 866 4196 cit.
891 4161 918 4213 p.
943 4143 1037 4212 Xill),
1066 4140 1200 4194 Hadriani
1218 4143 1331 4210 ingenio
1354 4143 1500 4212 aptissima

216 4239 297 4306 putat
315 4239 356 4306 (p.
375 4234 433 4304 64),
453 4235 516 4287 vide
535 4234 610 4304 apud
628 4234 873 4304 Synuerbergium,
891 4250 918 4303 p.
938 4232 981 4289 81.
1002 4263 1036 4270 -
1057 4229 1096 4284 Cf.
1117 4247 1192 4302 supr.
1212 4248 1238 4300 p.
1257 4229 1301 4284 44.

325 4325 348 4392 ⁵)
369 4323 459 4378 Oarm.
477 4324 525 4391 IX,
544 4322 597 4376 266
617 4339 658 4391 sq.

323 4414 348 4482 1)
367 4414 479 4468 Einleit.
498 4417 528 4479 §§
548 4412 582 4465 20
600 4418 629 4466 et
647 4412 690 4466 23.

325 4501 349 4571 1)
369 4503 409 4557 cf.
429 4503 537 4573 Straek,
555 4519 582 4573 p.
601 4503 645 4555 16.

697 4607 1017 4625 umaevwwvwvww
