3456 5064
857 401 898 463 49

774 487 987 494 m—-o

237 609 396 676 Dacicum
420 609 512 678 edita
535 615 596 694 est,
620 609 678 677 illo
703 629 781 694 ergo
804 616 971 696 tenpore,
987 629 1049 692 quo
1074 610 1247 695 Traianus,
1282 617 1320 678 ut
1342 585 1518 678 Straokius

236 733 328 794 recte
360 729 526 812 observat,
559 727 776 810 pantomimos
806 727 912 810 magis
939 729 1057 812 odisse,
1087 747 1183 809 quam
1212 727 1327 796 favere
1357 727 1406 794 eis
1430 728 1519 810 vide-

236 847 335 911 batur
348 839 381 926 ¹).
443 846 617 912 Postremo
655 845 726 912 iure
761 844 806 938 ¹iis
844 845 1132 912 contradicendum
1171 850 1238 929 est,
1278 844 1334 926 qui
1374 845 1518 912 Traiano

237 961 454 1044 suspicionem
479 961 512 1026 id
529 961 672 1029 movisse
695 961 872 1046 affirmant,
898 961 982 1043 quod
1006 981 1122 1030 versus
1145 961 1196 1027 illi
1218 963 1396 1044 separatim
1421 968 1521 1029 antea

238 1078 320 1144 editi
352 1083 468 1160 postea
500 1073 629 1144 demum
662 1077 777 1144 maiori
811 1077 936 1144 satirae
969 1077 1087 1144 inserti
1122 1078 1198 1145 sint.
1254 1078 1343 1146 Nam
1379 1079 1517 1162 primurn

238 1194 425 1277 ambigitur,
450 1193 714 1261 undellraianus
730 1194 911 1276 comperire
934 1193 1089 1278 potuerit,
1113 1195 1172 1260 hos
1195 1213 1312 1271 versus
1336 1195 1396 1260 snb
1410 1195 1521 1260 Domi-

238 1311 329 1378 tiano
362 1310 504 1393 scriptos
535 1330 642 1378 novae
675 1309 799 1378 satirae
832 1312 974 1378 insertos
1003 1331 1092 1395 esse,
1127 1304 1245 1377 dein'de
1269 1310 1387 1394 quibus
1411 1312 1520 1380 octusis

239 1433 419 1493 commotus
435 1427 483 1492 sit
495 1427 520 1492 J
522 1427 682 1510 uvenilis,
699 1432 736 1494 ut
753 1426 943 1512 Traianum,
965 1428 1146 1510 principem
1163 1426 1333 1510 optimum,
1356 1427 1520 1496 immerito

238 1527 387 1610 laederet
398 1538 438 1627 2);
472 1543 611 1625 denique
644 1544 885 1611 observandum
918 1550 985 1628 est,
1021 1551 1090 1610 tum
1127 1563 1229 1626 prope
1268 1544 1519 1629 sexagenarium
1578 1586 1579 1589 =

238 1659 438 1728 Juvenalem
472 1678 538 1725 non
572 1659 654 1726 adeo
687 1679 796 1726 rerum
832 1665 1079 1743 temporumque
1109 1660 1296 1742 imperitum
1327 1660 1440 1744 luisse,
1470 1659 1519 1728 uti

238 1776 346 1842 sciens
369 1795 409 1842 ac
432 1775 579 1858 prudens
602 1777 636 1854 id
658 1775 794 1860 faceret,
819 1777 905 1858 quod
928 1782 1044 1843 contra
1068 1777 1245 1843 veritatem
1270 1777 1521 1859 opinionemque

238 1893 394 1958 bonorum
419 1891 562 1958 omnium
586 1900 806 1978 repugnaret;
830 1913 905 1960 nam
931 1891 1081 1960 civitatis
1105 1899 1139 1959 et
1161 1894 1348 1960 litterarum
1373 1893 1520 1960 condicio

239 2007 384 2072 Traiano
419 2004 606 2090 imperante
639 2008 706 2076 alia
741 2009 814 2092 fuit,
850 2014 949 2090 atque
985 2011 1045 2076 sub
1081 2009 1288 2092 Domitiano,
1323 2029 1424 2090 quare
1460 2029 1521 2075 nec

239 2123 418 2190 luvenalis
434 2121 467 2188 in
481 2125 542 2190 lrac
559 2124 665 2192 satira
682 2131 852 2211 „tempora
862 2125 1055 2208 praesentia
1067 2125 1213 2208 figurate
1225 2131 1343 2192 notare
1357 2125 1484 2208 potuit“
1494 2123 1520 2208 ³)

238 2258 301 2304 nec
323 2239 454 2305 omniuo
479 2240 642 2308 Traianus
665 2261 705 2308 eo
728 2243 770 2308 ad
794 2262 829 2308 se
846 2232 971 2308 referre
981 2235 1020 2326 ⁴),
1045 2261 1130 2322 qliae
1154 2241 1195 2308 de
1218 2243 1356 2308 mortuis
1380 2264 1401 2309 a
1423 2249 1522 2324 poeta

239 2355 329 2422 dicta
352 2351 495 2440 erant⁵).
549 2355 643 2442 Quae
673 2377 743 2424 curn
772 2357 821 2423 ita
852 2356 930 2440 sint,
960 2359 1077 2441 omnia,
1108 2363 1147 2424 ut
1177 2358 1302 2440 opinor,
1338 2357 1521 2440 concident,

238 2491 322 2554 quae
346 2473 386 2539 de
400 2473 555 2556 Traiano,
580 2473 673 2540 exilii
685 2475 903 2542 Juvenaliani
919 2481 1063 2558 auctore,
1088 2495 1109 2540 a
1131 2473 1295 2541 nonnullis
1320 2475 1409 2544 dicta
1433 2481 1520 2542 sunt.

349 2587 539 2672 Antequam
570 2591 610 2656 dc
645 2589 822 2658 Juvenalis
858 2589 957 2657 exilio
993 2592 1053 2657 sub
1080 2590 1257 2658 Hadriano
1292 2591 1387 2669 dico‚‘
1418 2611 1523 2673 pauca

238 2705 279 2771 ad
304 2725 415 2772 eorum
445 2706 643 2772 sententiam
674 2706 882 2774 refutandam
907 2708 1039 2790 addam,
1072 2709 1127 2790 qui
1144 2708 1329 2774 Probianae
1345 2709 1521 2791 praecipue

238 2823 328 2888 vitae
353 2822 575 2889 assentientes
598 2823 790 2890 Joncnolcoc
812 2825 1048 2909 octopcnorc'om
1064 2827 1124 2891 sub
1147 2823 1256 2907 specie
1281 2825 1422 2892 militiae
1439 2825 1522 2891 rele-

212 2943 351 3022 ,gotum
380 2958 453 3004 esse
481 2957 586 3020 neque
616 2941 753 3005 Romam
784 2940 951 3022 reducem,
983 2939 1041 3006 sed
1073 2943 1200 3007 exulem
1229 2961 1304 3007 mox
1335 2960 1458 3024 angore
1487 2948 1522 3008 et

240 3053 350 3120 taedio
374 3059 537 3120 mortuum
562 3053 738 3120 afdrnmnt.
786 3053 879 3138 Quinc
904 3055 932 3122 si
957 3075 1037 3123 vere
1064 3063 1185 3141 essent,
1218 3055 1417 3124 Juvenalem
1443 3077 1518 3124 ann.

237 3174 280 3235 47
305 3174 418 3237 natum
449 3189 514 3236 non
545 3174 622 3236 ante
653 3175 714 3236 127
744 3190 819 3238 ann.
850 3189 881 3252 p.
907 3171 984 3238 Ohr.
1015 3172 1048 3238 in
1077 3173 1211 3238 exilium
1241 3172 1375 3238 missum
1408 3193 1521 3239 conce·

237 3287 397 3353 delemus.
444 3285 495 3352 At
517 3286 581 3352 iam
607 3305 708 3369 snpra
724 3287 892 3354 docuimus
917 3288 1054 3354 satiram
1072 3289 1244 3370 septimam
1268 3289 1364 3355 initio
1381 3289 1520 3356 Traiani

236 3402 441 3484 principatus
463 3401 585 3468 editam
610 3421 790 3484 versusque
808 3408 939 3469 90-92
963 3403 1039 3469 lruic
1064 3403 1188 3469 satirae
1204 3403 1358 3487 insertos,
1384 3411 1519 3486 propter

241 3538 322 3600 quos
338 3524 437 3602 poeta
448 3520 529 3585 urbe
541 3523 722 3586 summotus
734 3524 802 3603 est,
823 3526 899 3615 ante
921 3520 982 3585 hoc
994 3527 1123 3602 tempus
1136 3519 1278 3602 scriptos
1291 3535 1375 3587 esse.
1413 3519 1518 3606 Quam

237 3638 278 3702 ob
301 3655 369 3702 rem
389 3635 418 3703 si
434 3637 460 3702 J
463 3636 634 3703 uvenalem
653 3633 901 3719 octogenarium
914 3636 1095 3704 inexilium
1108 3637 1241 3703 missum
1255 3638 1518 3722 concederemus,

237 3757 297 3818 aut
326 3753 498 3835 septimam
529 3753 667 3820 satiram
698 3751 787 3818 circa
815 3771 889 3820 ann.
924 3759 985 3819 127
1017 3753 1176 3836 scriptam
1206 3759 1266 3820 aut
1295 3752 1518 3821 testiinonium

239 3895 398 3904 -—.

345 3964 368 4031 ¹)
388 3964 495 4035 Straclr,
513 3982 540 4034 p.
558 3963 601 4017 29.
640 3963 679 4019 Of.
699 3980 773 4035 supr.
793 3981 819 4035 p.
838 3964 872 4017 45
893 3981 956 4018 ann.
975 3964 1019 4018 11.

343 4053 366 4121 ²)
386 4054 454 4107 lbid.

343 4141 367 4211 ³)
387 4145 451 4196 Vita
469 4145 608 4198 Probiana
627 4149 655 4197 ct
672 4143 855 4198 Henniniane.

342 4230 367 4300 ⁴)
388 4232 427 4288 Cs.
447 4235 494 4286 vit.
509 4232 634 4290 Omnib.:
655 4234 772 4302 „quibus
786 4233 923 4287 Troianus
936 4235 1102 4304 intellegens
1117 4237 1185 4286 vitiu
1204 4236 1280 4304 carpi
1299 4235 1342 4286 suri
1357 4233 1518 4302 temporis.“

344 4321 367 4388 ⁵)
388 4321 427 4378 cf.
441 4324 555 4392 interpr.
569 4323 604 4375 ed
618 4323 673 4376 Sat.
688 4323 708 4392 1,
727 4323 788 4376 170.
803 4354 837 4364 -
848 4324 974 4394 Strauch,
989 4325 1031 4376 De
1044 4326 1171 4393 personis
1185 4323 1314 4376 Juvenal.
1327 4341 1353 4392 p.
1365 4324 1380 4373 5
1392 4327 1420 4374 et
1432 4321 1475 4374 62.
1484 4352 1517 4362 -

235 4411 363 4464 Everltis
377 4414 451 4464 vitae
471 4411 690 4466 Omnibonianae
712 4415 755 4479 „in
775 4414 901 4466 Paridem
915 4443 948 4452 —
963 4415 1112 4482 temporis“
1130 4414 1256 4464 conicere
1274 4411 1347 4479 licet,
1366 4411 1517 4464 Traianum

235 4517 290 4554 non
311 4506 368 4554 tam
387 4502 514 4554 versibus
537 4504 565 4554 in
584 4503 712 4555 Paridem
733 4505 895 4573 compositis
920 4519 1003 4572 quarn
1023 4507 1083 4556 tota
1102 4505 1189 4555 satira
1214 4504 1349 4554 offensum
1375 4517 1435 4554 esse
1462 4500 1516 4568 (Gi.

234 4591 384 4662 Hermann,
403 4592 445 4644 De
465 4595 515 4644 sat.
536 4597 607 4662 sept.
626 4597 709 4662 temp.
729 4609 755 4662 p.
774 4592 832 4660 14).
1468 4571 1477 4586 ⁰

340 4715 510 4772 Nagulewekl,
525 4717 560 4759 De
575 4715 630 4759 Juv.
645 4715 704 4760 vita.
1303 4697 1321 4754 4
