3456 5064
717 1627 722 1630 ,
786 1543 912 1616 ΙΙΙ.

428 1755 496 1867 De
535 1757 750 1866 auctore
789 1752 915 1865 exitii
954 1752 1275 1865 lurenatiani.

773 2031 933 2047 ΑΜΛΜΜ

317 2218 370 2281 De
398 2215 569 2281 2Vernemetis
597 2213 690 2278 etalio
723 2218 789 2278 tam
815 2211 905 2277 vitae
935 2207 1146 2290 dissentiunt,
1176 2212 1214 2274 ut
1243 2208 1349 2289 prima
1379 2208 1490 2274 fronte

210 2332 293 2399 nihil
317 2332 446 2398 omnino
478 2330 561 2396 eerti
590 2329 630 2394 de
661 2348 759 2395 aare
789 2325 944 2393 constitui
974 2345 1071 2407 posse
1102 2324 1267 2391 videatur.
1321 2325 1360 2389 In
1385 2323 1490 2406 ipsias

210 2454 329 2530 poetae
369 2447 484 2513 satiris
522 2446 614 2513 nulla
651 2446 721 2512 fere
752 2445 848 2510 huius
879 2443 928 2508 rei
958 2441 1102 2526 vestigia
1137 2447 1281 2507 exstant.
1338 2441 1380 2504 In
1410 2439 1491 2506 vitis

211 2585 291 2632 vero
308 2565 441 2631 diversa
458 2563 746 2644 ‹iisorepantiaque
768 2560 952 2626 traduntur.
992 2560 1049 2624 Ita
1065 2559 1136 2625 vita
1154 2577 1173 2622 e
1191 2557 1302 2624 codice
1315 2556 1490 2640 Vaticano,

212 2701 232 2746 a
254 2681 474 2747 Mommsenio
499 2679 676 2762 descripta,
703 2677 876 2744 Claudium
901 2676 992 2741 exilii
1016 2681 1185 2740 auctorem
1208 2675 1310 2741 fuisse
1332 2673 1487 2741 affirmat.

211 2798 293 2866 Vita
316 2795 520 2876 Aolraintrii,
546 2815 628 2878 quae
652 2794 775 2860 dieitur
800 2792 993 2875 Omnibona,
1023 2791 1161 2858 Traiani
1191 2811 1309 2857 nomen
1332 2810 1404 2857 eum
1428 2793 1490 2859 hae

213 2915 405 2995 quaestione
420 2913 600 2996 coniungit.
641 2911 809 2996 Quattuor
824 2928 913 2992 vero,
938 2907 1164 2991 Henniniana,
1186 2907 1488 2990 Kulenkampiana,

212 3029 344 3112 Divom,
387 3029 594 3096 Ruelrleiana
628 3028 854 3094 Domitianum
891 3024 982 3091 exilii
1018 3030 1186 3091 auctorem
1221 3025 1401 3090 nominant.
1448 3026 1490 3091 In

212 3146 381 3212 Probiana
416 3147 519 3213 altum
544 3147 584 3212 de
608 3147 670 3212 hae
694 3167 730 3210 re
754 3143 919 3212 silentium
955 3147 1016 3208 est.
1077 3139 1181 3226 Quam
1218 3140 1274 3206 diu
1303 3139 1492 3207 exalaverit

212 3262 390 3328 Juvenalis
414 3262 494 3328 item
519 3263 553 3329 in
576 3263 703 3330 incerto
728 3270 788 3330 est.
849 3265 980 3332 Auctor
1004 3267 1103 3349 vitae,
1138 3285 1221 3346 quae
1251 3266 1491 3347 Kulenkampii

213 3379 344 3463 dicitur,
370 3387 503 3462 poetam
527 3400 547 3446 a
571 3381 762 3447 Domitiano
786 3401 889 3463 usqne
914 3382 955 3450 ad
980 3382 1187 3448 Antoninum
1211 3383 1307 3448 Pium
1333 3381 1366 3446 in
1391 3382 1491 3449 exilio

213 3497 314 3562 vitam
339 3496 532 3577 produxisse
557 3497 708 3564 affirmat.
748 3500 845 3564 Duae
866 3500 965 3582 vitae,
990 3499 1159 3565 Probiana
1183 3504 1218 3564 et
1241 3497 1490 3582 Omniboniana,

212 3612 410 3710 Juvenalem
437 3613 548 3695 „intra
571 3613 803 3680 brevissimum
832 3621 962 3698 tempus
986 3635 1027 3681 ex
1051 3617 1171 3682 mentis
1204 3611 1433 3698 aegritudine
1457 3615 1491 3680 in

213 3729 311 3795 exilio
335 3730 405 3796 fato
429 3731 632 3797 oorroessisse
656 3738 804 3798 narrant.
844 3732 944 3800 Vitae
969 3751 1047 3799 vero
1072 3731 1288 3798 Henniniana
1311 3736 1346 3797 et
1367 3731 1492 3797 Donati

214 3846 254 3911 de
277 3846 444 3912 Juvenale
468 3849 606 3913 Romam
642 3849 684 3913 ab
721 3848 820 3914 exilio
857 3867 991 3916 reverso
1027 3854 1203 3915 testantur.
1263 3848 1303 3912 In
1337 3849 1399 3912 hoe
1428 3867 1491 3912 uno

213 3969 324 4028 tamen
364 3983 476 4030 omnes
515 3963 606 4030 vitae
645 3965 854 4047 conveniunt,
898 3965 1098 4031 Juvenalem
1139 3969 1275 4045 propter
1313 3963 1493 4046 „quosdam

213 4077 352 4146 versus“
377 4079 411 4145 in
434 4080 590 4146 Paridem
613 4081 858 4164 pantomimum,
884 4082 939 4164 qui
964 4088 1044 4148 tuno
1059 4081 1218 4162 temporis
1242 4080 1329 4162 apud
1353 4081 1492 4162 impera·

213 4202 319 4262 torem
341 4197 516 4278 plurimum
541 4202 688 4280 poterat,
713 4199 897 4282 relegatum
922 4217 1004 4265 esse.
1051 4198 1100 4264 Hi
1122 4196 1288 4280 versiculi,
1325 4197 1389 4278 qui,
1423 4195 1493 4262 sine

214 4311 321 4396 dubio,
347 4312 488 4394 speeiem
514 4312 763 4397 epigrammatis
786 4333 866 4396 prae
891 4333 926 4380 se
950 4314 1103 4388 ferebant
1117 4310 1151 4398 ¹),
1179 4313 1320 4403 primum
1343 4312 1378 4386 in
1402 4311 1493 4384 audi·

212 4477 372 4484 ...—

322 4563 345 4635 1)
374 4559 412 4621 Of,
432 4562 582 4632 Hermann,
600 4563 687 4640 praef.
706 4563 748 4623 ed.
767 4563 839 4631 Juv.‚
857 4579 884 4640 p.
904 4561 976 4622 VHI.
