3456 5064
822 1556 939 1633 IV.

507 1761 575 1873 lle
616 1760 725 1872 loeo
765 1759 891 1873 exilii
929 1760 1249 1874 luvenaliani.

799 2028 958 2044 mmm

344 2157 396 2250 De
419 2185 482 2250 loco
506 2185 595 2250 exilii
618 2183 731 2250 eadem
755 2184 825 2250 fere
849 2203 933 2266 quae
957 2184 997 2250 de
1021 2190 1156 2250 auctore
1181 2184 1250 2250 eius
1270 2185 1432 2251 dissensio
1456 2191 1519 2252 est.

238 2302 326 2367 Nam
357 2281 469 2382 plures
501 2301 591 2368 vitae
624 2300 816 2384 Aegyptum
850 2302 984 2384 habent,
1016 2300 1100 2366 duae
1133 2300 1356 2368 Caledoniam.
1409 2300 1521 2386 Quare

239 2416 307 2483 utri
336 2416 469 2492 deltae
500 2435 536 2482 re
558 2416 749 2482 testimonio
777 2415 858 2482 fides
886 2416 1039 2484 habenda
1062 2417 1122 2500 sit,
1148 2415 1436 2484 demonstrandum
1454 2424 1521 2498 est.

239 2535 279 2599 In
296 2533 321 2598 J
324 2532 476 2626 uqenalis
491 2531 582 2616 vitis
607 2538 645 2599 ut
660 2531 725 2598 iam
742 2551 843 2614 supra
860 2533 1078 2617 exposuimus,
1103 2533 1192 2598 inter
1208 2534 1312 2600 multa
1328 2534 1522 2615 posterioris

239 2650 397 2731 temporis
422 2647 650 2715 additamenta
673 2648 832 2714 nonnulla
859 2647 1078 2730 antiquissimi
1102 2650 1204 2717 fontis
1232 2650 1522 2733 deprehenduntur

240 2750 392 2849 vestigia,
417 2784 501 2846 quac
524 2783 629 2846 neque
653 2785 670 2830 e
695 2764 809 2831 satiris
832 2770 951 2846 poetae
974 2785 1078 2846 neque
1102 2787 1120 2832 e
1143 2766 1330 2833 ratiociniis
1360 2769 1415 2834 vel
1438 2787 1523 2835 com·

242 2881 362 2947 mentis
378 2881 667 2964 grammaticorum
684 2879 764 2946 oriri
780 2885 945 2962 poterant.
971 2881 1097 2967 Quibus
1106 2881 1243 2968 Aepyptr'
1261 2885 1451 2949 locutionem
1467 2884 1523 2949 ad-

241 2997 474 3064 numerandam
487 3004 577 3079 puto.
599 2997 764 3064 Nimirum
778 2996 925 3063 homines
935 2996 1034 3080 docti,
1048 2997 1183 3063 exilium
1193 2999 1356 3066 Scoticum
1368 2999 1522 3082 amplexi,

240 3115 453 3199 relegationis
483 3113 713 3198 Aegyptiacae
742 3113 905 3180 famame
935 3114 1068 3194 quintae
1096 3115 1242 3181 decimae
1270 3115 1395 3181 satirae
1422 3134 1522 3182 versu

240 3238 282 3298 45
318 3239 424 3298 ortam
460 3251 532 3297 esse
566 3230 775 3296 affirmarunt
789 3225 821 3314 ¹).
880 3229 945 3296 Sed
980 3249 1057 3296 num
1093 3230 1199 3296 satira
1239 3229 1355 3314 quinta
1396 3231 1523 3297 decima

242 3337 433 3415 Juvenalis·
454 3347 652 3413 carminibus
682 3344 928 3412 adnumeranda
961 3347 1018 3430 sit,
1058 3367 1113 3414 res
1153 3347 1266 3414 adhuc.
1287 3348 1385 3415 dubia
1418 3354 1471 3414 est
1484 3344 1521 3432 ²).

241 3466 314 3532 Nec
338 3465 436 3531 aliter
460 3464 500 3530 de
524 3482 623 3530 versu
647 3468 690 3528 45
715 3461 844 3544 opinari
866 3461 957 3545 licet,
982 3482 1075 3544 quem
1101 3462 1246 3545 spurium
1270 3463 1357 3530 lrand
1389 3464 1456 3530 scio
1480 3483 1523 3529 an

241 3587 333 3648 recte
363 3578 597 3665 Franckius³),
622 3573 880 3664 Duentzerus⁴),
905 3578 1092 3661 nuperrime
1115 3574 1308 3663 Palmius⁵)‚
1332 3579 1521 3646 indicarint.

349 3856 370 3921 ¹)
390 3855 426 3907 Ut
444 3855 628 3924 Hermannus‚
655 3855 684 3905 in
712 3854 799 3923 prael.
824 3853 866 3908 ed.
892 3853 963 3924 dum,
988 3872 1015 3924 p.
1036 3854 1072 3906 Vl
1092 3870 1178 3922 sq.—
1198 3853 1355 3924 Sieboldus,
1373 3855 1460 3924 pruet'.
1480 3855 1523 3908 ed.

240 3944 302 3997 Juv.
322 3962 348 4014 p.
369 3943 444 3996 XVII
464 3944 519 3996 alii.

348 4035 371 4100 ²)
390 4033 500 4102 Kempi,
520 4033 736 4086 Observationes
755 4034 783 4084 in
802 4032 946 4085 luvenalis
966 4033 1074 4102 aliquot
1092 4033 1170 4085 locos
1185 4033 1419 4104 interpretandos,
1439 4035 1523 4086 Bero-

240 4125 299 4194 lini
319 4123 388 4175 1843
407 4140 434 4192 p.
453 4121 488 4173 60
508 4139 549 4191 sq.
570 4153 603 4161 —
623 4122 656 4175 0.
675 4121 809 4191 Ribbeck,
828 4122 885 4174 Der
904 4121 984 4175 echte
1004 4139 1030 4174 u.
1051 4123 1076 4174 d.
1096 4121 1214 4174 unecbte
1233 4121 1360 4191 drivenal,
1381 4140 1407 4192 p.
1427 4123 1462 4175 15
1482 4140 1523 4193 sq.

348 4211 372 4279 ³)
392 4213 490 4265 Exam.
512 4214 570 4264 crit.
590 4229 616 4281 p.
636 4211 679 4265 80.

347 4301 372 4369 ⁴)
390 4301 487 4354 Jahn's
505 4301 601 4354 Jahrb.
620 4303 637 4354 f.
657 4301 726 4354 Phil.
746 4301 841 4371 Suppl.
861 4301 911 4354 Bd.
930 4301 977 4372 Vl,
995 4302 1012 4354 3
1031 4319 1058 4372 p.
1077 4301 1130 4354 373
1149 4317 1191 4370 sq.

348 4391 372 4458 ⁵)
392 4391 434 4444 De
453 4390 598 4443 Jrrvenalis
619 4392 705 4444 satira
730 4391 827 4459 quinta
847 4390 962 4460 decima,
981 4391 1059 4444 Halis
1083 4391 1226 4444 Saxonum
1250 4390 1320 4442 1⁵82
1342 4408 1368 4460 p.
1388 4389 1418 4441 6:
1458 4391 1523 4456 „His

242 4481 370 4534 omnibus
390 4482 561 4550 argumentis
581 4496 713 4550 apparere
733 4480 841 4533 conlido
861 4499 886 4532 v.
906 4499 931 4533 v.
950 4480 1057 4532 44-48
1081 4495 1138 4532 non
1162 4482 1263 4533 satirae
1284 4479 1333 4531 XV
1354 4482 1462 4532 auctori
1476 4482 1523 4532 tri·

241 4570 367 4623 buendos
388 4585 459 4641 esse,
481 4571 528 4622 sed
548 4572 643 4624 nescio
663 4572 707 4622 eui
725 4570 946 4640 interpolatori“.
969 4611 975 4623 .
996 4609 1029 4623 ..
