3456 5064
736 379 948 472 ,21-

202 589 336 656 decoxit
351 585 374 672 ¹)
399 588 504 674 eique,
530 589 599 655 sine
624 589 732 673 dnbio,
756 591 843 656 hand
867 589 980 655 multis
1004 588 1100 655 annis
1116 593 1285 670 superstes
1308 585 1418 673 init2),
1433 620 1434 623 ¹
1449 595 1483 656 et

202 706 342 790 aurigae
365 707 537 774 Lacernae
560 709 614 775 vel
637 707 803 774 Lacertae
815 705 851 790 ³),
888 705 955 790 qui,
986 707 1015 772 si
1038 706 1145 773 veteri
1174 705 1374 772 scholiastae
1402 706 1482 773 fides

201 822 362 906 habenda,
387 823 501 889 eodem
525 829 672 905 tempore
695 829 794 889 notus
822 816 937 902 fuit⁴t
988 821 1093 906 Adde,
1130 822 1216 902 quod
1249 828 1406 888 externae
1430 841 1482 888 ra-

201 939 308 1005 tiones
332 957 370 1004 oo
394 938 528 1022 ducunt,
559 945 596 1004 nt
621 939 799 1006 Traianum
823 959 844 1005 a
867 939 1034 1006 Juvenale
1058 940 1091 1006 in
1117 939 1224 1006 satira
1247 940 1390 1021 septima
1413 941 1481 1006 lau-

201 1055 295 1121 dibus
332 1063 526 1146 exoruatum
567 1055 809 1122 corrcludamus
869 1055 955 1140 Quid
990 1055 1101 1122 enim?
1144 1056 1234 1122 Num
1276 1059 1479 1138 „temporum

202 1167 424 1255 saevitiae“·'‘)
459 1191 582 1238 memor
604 1173 791 1257 luvenalis,
817 1193 890 1239 eum
915 1173 1105 1256 principem,
1136 1174 1196 1238 sub
1221 1191 1283 1253 qno
1307 1172 1480 1255 „spiritum

201 1293 235 1354 et
260 1289 452 1372 sanguinem
477 1293 512 1355 et
534 1290 676 1371 patriam
699 1293 897 1372 receperunt
920 1285 1053 1356 studia“
1069 1287 1106 1372 θ),
1139 1288 1271 1355 silentio
1295 1287 1480 1370 praeterire

201 1405 333 1486 potuit?
380 1403 445 1490 Qui
470 1406 598 1486 quidem
622 1406 775 1488 princeps
798 1407 847 1472 ita
871 1424 936 1489 eos
965 1405 1166 1488 quintanis
1190 1425 1323 1487 operam
1347 1406 1479 1490 dabant,

200 1521 330 1587 adiuvit
354 1527 388 1586 et
411 1522 610 1606 sublevavit,
635 1529 672 1588 ut
695 1522 922 1590 tristissimam
947 1521 1136 1588 litterarum
1160 1521 1336 1604 imaginem
1361 1521 1395 1587 iu
1417 1523 1480 1587 hac

200 1622 305 1703 satira
329 1658 518 1720 expressam
548 1639 583 1704 in
612 1639 854 1721 temporarius
882 1639 1002 1704 eadere
1033 1639 1224 1704 existimare
1247 1637 1380 1703 minime
1405 1657 1480 1703 con·

200 1761 392 1821 sentaneum
416 1755 461 1821 sit
470 1749 505 1833 ⁷).
554 1757 658 1822 Recte
682 1756 787 1838 igitur
809 1755 1013 1837 Stampinus:
1056 1754 1199 1840 „iniuste
1224 1762 1335 1822 tamen
1359 1754 1478 1822 fecisse

198 1870 223 1935 J
227 1871 387 1955 uvenaliS,
413 1873 441 1938 si
458 1871 596 1938 Traiani
615 1892 750 1954 prorsus
767 1873 889 1938 oblitus
906 1871 1116 1938 Hadrianum
1141 1871 1295 1940 laudibus
1319 1872 1479 1938 extollere

199 1987 360 2053 voluisset
384 1987 470 2069 qnod

391 2119 484 2184 „solus
504 2158 511 2172 .
531 2159 537 2170 .
558 2159 564 2172 .
585 2159 591 2171 .
612 2122 705 2172 tristes
724 2119 777 2172 hac
796 2123 961 2190 tempestate
981 2119 1117 2172 Camenas
1137 2121 1287 2189 respexit.“

306 2237 395 2306 lllud
420 2238 506 2305 enim
529 2241 623 2320 solos,
658 2239 687 2306 si
711 2240 920 2306 Hadrianum
950 2260 970 2306 a
993 2241 1160 2308 Juvenale
1191 2241 1347 2307 hocloco
1372 2241 1479 2306 solum

198 2355 368 2421 laudatum
392 2362 554 2440 putemus,
579 2356 655 2440 qnid
679 2356 856 2442 significat,
880 2357 945 2424 nisi
969 2377 1090 2440 omnes,
1115 2357 1170 2439 qui
1195 2362 1369 2424 antaeum
1394 2377 1479 2425 sarm-

199 2491 285 2538 mam
314 2474 445 2555 imperii
477 2473 700 2540 obtinuissent
735 2474 904 2556 ipsumque
922 2474 1101 2542 Traianum
1127 2475 1167 2540 de
1191 2475 1315 2540 litteris
1332 2463 1478 2542 colendis

198 2589 459 2672 honorandisque
492 2590 624 2657 minime
655 2588 887 2674 cogitasse“⁸).
945 2590 1136 2674 Praeterea,
1174 2589 1224 2674 „si
1248 2591 1302 2658 vel
1336 2591 1478 2657 maxime

148 2699 150 2703 ’
200 2707 415 2774 concedamus
442 2707 666 2774 liberaliorem
694 2707 904 2774 Hadrianum
934 2707 1047 2791 fuisse,
1079 2706 1144 2788 ipsi
1172 2707 1248 2772 huic
1281 2707 1478 2775 liberalitati

200 2841 264 2888 non
281 2823 483 2904 respondent
499 2823 625 2908 laudes,
650 2843 731 2906 quas
754 2823 916 2890 neminem
933 2823 1041 2908 lugiet
1057 2823 1247 2906 nentiquam
1263 2829 1377 2890 tantas
1394 2843 1477 2908 esse,

201 2947 344 3020 quantae
368 2940 541 3006 Hadriano
566 2945 601 3004 et
624 2940 829 3006 debebantur
853 2948 888 3007 et
917 2941 988 3008 sine
1013 2941 1110 3008 dubio
1138 2942 1180 3018 ab
1204 2943 1397 3024 aequalibus
1420 2943 1480 3009 im·

200 3056 343 3136 pertitas
368 3061 452 3140 sunt,
479 3057 537 3122 sed
561 3055 644 3122 satis
665 3057 810 3124 modicas
834 3065 869 3124 et
891 3062 929 3124 ut
946 3057 1069 3124 Graeci
1093 3057 1188 3124 aiunt
1210 3065 1262 3123 τοῦ
1286 3061 1480 3145 ἀφοσιοῦσθαι

201 3173 286 3236 ἕνεκα
320 3173 530 3256 praemissae,
566 3192 608 3238 ne
643 3175 805 3244 communi
840 3175 982 3241 onmium
1016 3176 1272 3256 reprehensione
1301 3177 1477 3243 Caesarem
1539 3153 1541 3157 ⁸

201 3307 337 3372 qnoque,
355 3290 447 3358 cuius
459 3288 610 3356 laedendi
624 3309 742 3356 causas
755 3292 870 3372 procul
882 3293 1036 3376 habebat,
1054 3293 1228 3375 complecti
1240 3290 1431 3360 videretur“
1442 3289 1478 3376 l).

201 3402 294 3488 Quae
319 3425 391 3472 cum
415 3405 465 3472 ita
488 3407 565 3491 sint,
599 3427 664 3474 non
689 3407 888 3493 dubitamus,
925 3410 1003 3491 quin
1026 3409 1203 3476 Juvenalis
1232 3409 1274 3475 ad
1300 3409 1501 3476 Traianum

201 3567 520 3578 —-—-——-..-.

311 3679 567 3749 ἿΜἩῌἈ

309 3771 333 3837 ²)
354 3771 470 3825 Uberius
501 3772 535 3823 de
553 3771 685 3824 Mathone
704 3773 733 3824 in
751 3771 830 3826 libr.'
847 3788 910 3825 meo
940 3771 1374 3842 „Ilepuancarnpa10nenaua“,
1402 3774 1481 3842 Pura,

203 3860 271 3912 1875
290 3877 317 3929 p.
336 3860 443 3913 98-99
462 3862 608 3930 disputavi.

310 3949 333 4016 3)
354 3951 410 4003 Sat.
430 3951 488 4020 Vll,
509 3951 568 4002 114.

310 4038 334 4106 ⁴)
355 4040 446 4092 Schol.
466 4057 509 4110 ap.
527 4041 608 4092 Jahn.
628 4059 654 4110 p.
674 4041 740 4093 283:
762 4047 906 4108 „russatus
926 4043 1041 4094 lacerta
1058 4031 1292 4102 snbbomitiauo
1308 4044 1406 4111 auriga
1422 4043 1483 4112 fuit,

203 4135 234 4180 nt
252 4129 359 4180 Probus
379 4131 443 4182 ait.“
483 4129 604 4199 Cramer,
623 4130 655 4182 ln
675 4135 726 4183 sat.
745 4131 807 4184 Juv.
828 4136 974 4190 comment.
990 4134 1102 4202 vetuisti,
1120 4149 1147 4201 p.
1167 4131 1227 4184 aad.

310 4219 333 4284 a)
353 4219 415 4270 Juv.
437 4219 492 4272 Sat.
512 4219 559 4288 lV,
578 4219 640 4270 151.
673 4217 681 4228 ”
925 4228 927 4230 ’

310 4306 334 4374 ⁰)
354 4308 424 4360 Plin.
444 4309 545 4378 Paneg.
566 4325 588 4360 c.
607 4307 652 4360 47.

311 4395 343 4463 7)
355 4397 539 4466 Synnerberg,
558 4415 585 4468 p.
605 4397 648 4452 74.

205 4479 212 4500 ³
282 4486 334 4553 ιθ)
355 4487 500 4556 Stampini,
518 4503 545 4556 p.
564 4487 607 4540 35.

310 4573 334 4642 l)
356 4575 384 4628 O.
403 4576 448 4629 Fr.
466 4576 615 4648 Hermann,
635 4578 677 4629 De
697 4577 753 4640 Sat.
773 4581 843 4648 sept.
863 4581 946 4647 temp.
966 4595 993 4648 p.
1013 4577 1056 4630 19.
