3456 5064
725 347 937 440 -L

195 558 356 639 potuisse,
393 557 442 622 sic
469 556 553 622 enim
585 557 764 638 commode,
794 561 832 623 ut
855 555 1118 640 Synnerbergius
1148 560 1238 622 recte
1268 554 1469 638 observavit,

194 673 344 754 intellegi
368 673 650 755 demonstrarique
675 673 763 756 licet,
794 692 891 754 quam
916 675 956 739 ob
980 691 1110 739 causam
1135 689 1221 738 1111116
1244 673 1338 739 volut
1357 673 1472 738 umbra

195 789 353 870 quaedam
387 809 476 872 vaga
508 796 543 855 et
572 790 701 856 incerta
734 790 826 856 nobis
854 789 895 855 (16
925 788 997 855 vita
1028 787 1205 855 Juvenalis
1236 787 1472 870 quaerentibus

194 907 306 972 oblata
329 899 374 972 sit
386 899 420 988 ¹).
468 905 531 971 Sed
556 908 618 972 1166
640 907 712 971 1666
737 907 830 987 66111,
854 910 892 973 ut
915 904 1040 989 opinor,
1065 905 1146 970 fines
1169 903 1366 970 observandi
1384 910 1471 982 sunt.
1495 925 1498 934 ·

194 1023 280 1088 Nam
306 1023 338 1089 iu
362 1023 530 1090 Probiana
552 1031 588 1087 et
611 1022 644 1088 in
669 1023 743 1089 aliis
765 1023 843 1088 vitis
867 1021 1025 1088 nonnulla
1042 1020 1187 1103 vestigia
1211 1019 1336 1088 veteris
1359 1039 1473 1086 narra-

195 1139 295 1208 tionis
309 1139 393 1206 satis
408 1139 500 1204 clara
516 1145 551 1204 et
567 1140 724 1206 distincta
739 1144 979 1204 remanserunt.
1016 1136 1098 1221 Quo,
1121 1141 1256 1219 praeter
1272 1135 1471 1220 testimonia,

194 1254 258 1320 iam
284 1273 385 1348 supra
408 1251 557 1337 allotta2),
589 1255 682 1322 exilii
706 1255 829 1320 mentio
853 1255 1015 1337 pertinet,
1045 1253 1138 1321 cuias
1162 1255 1281 1320 lamam
1307 1253 1363 1319 vix
1387 1247 1473 1338 quis·

195 1390 291 1452 quam
328 1392 369 1438 ex
400 1371 532 1455 ingenio
565 1371 712 1454 arripere
741 1373 794 1439 vel
827 1391 868 1437 ex
897 1369 1012 1437 satiris
1035 1371 1160 1454 fingere
1183 1371 1307 1453 potuit,
1342 1387 1415 1436 cum
1439 1367 1476 1436 in*

195 1493 314 1568 poetae
339 1487 593 1554 carminibusue
610 1487 754 1570 vestigia
770 1487 899 1569 quidem
921 1488 1017 1553 liuius
1038 1486 1086 1553 rei
1104 1494 1248 1554 exstem:
1285 1485 1472 1568 Strackius,
1526 1494 1531 1500 '

195 1605 425 1686 praeiudicata
449 1604 601 1686 opinione
626 1611 752 1685 captus
777 1603 916 1685 primum
942 1624 983 1668 ex
1005 1605 1130 1670 duobus
1154 1604 1330 1671 satirarum
1355 1587 1473 1684 locis-¹)

197 1726 264 1786 lum
287 1741 305 1786 6
327 1721 460 1786 scholiis
479 1721 520 1787 ad
537 1722 673 1787 satiram
697 1721 842 1802 quintam
861 1721 1019 1786 (1661111616
1031 1714 1058 1799 ⁴)
1074 1717 1165 1786 exilii
1182 1721 1301 1788 ianuam
1320 1712 1471 1784 extitisse

196 1837 376 1902 contendit.
424 1837 489 1904 Sed
512 1837 647 1903 frustra.
695 1837 781 1904 Nam
807 1857 824 1902 6
848 1837 1014 1904 versibus:

1199 1922 1278 1975 Unde

461 1995 605 2063 Ingenium
625 2011 676 2064 par
695 1995 847 2046 materiae?
867 1994 940 2046 unde
959 1995 1008 2046 illo
1027 1995 1152 2064 priorum
1183 1961 1196 1988 n

463 2083 607 2136 Scribendi
628 2083 822 2152 quodcumque
842 2085 934 2136 animo
954 2083 1090 2152 flagrante
1109 2083 1210 2136 liberet

462 2172 648 2240 Simplicitas“
661 2173 694 2241 i),

196 2251 231 2311 et
254 2267 295 2311 ex
318 2248 405 2311 loco:

465 2333 562 2399 „Quoad
582 2349 636 2385 non
657 2333 724 2386 dant
741 2349 869 2402 proceres
890 2334 966 2386 debit
992 2334 1103 2386 histrio:
1125 2339 1155 2385 111
1179 2332 1339 2385 Camerinos

464 2423 499 2474 Et
518 2423 644 2494 Baream,
664 2428 694 2475 tu
713 2424 847 2476 nobilium
868 2441 969 2492 magna
987 2425 1058 2476 atria
1078 2421 1227 2490 curos“‘?⁰)

198 2508 359 2590 nondico
384 2525 624 2606 interpretandi
649 2525 859 2592 iudicandive
883 2525 1057 2607 imperitus
1082 2531 1177 2590 vetas
1201 2523 1391 2605 scholiasta,
1417 2522 1474 2588 scd

198 2640 388 2724 ingeniosus
409 2640 537 2720 quidem
560 2642 666 2707 nostri
683 2643 757 2708 aevi
775 2643 869 2706 homo
894 2642 1009 2708 doctus
1033 2641 1115 2706 nilril
1140 2641 1180 2707 de
1204 2637 1302 2706 exilio
1327 2639 1477 2706 conicere

198 2757 314 2838 potuit.
373 2756 497 2822 Eadem
523 2757 563 2821 de
587 2757 712 2823 ultimis
736 2757 862 2838 primae
885 2758 1011 2824 satirae
1035 2759 1203 2824 versibus:

466 2870 627 2939 „Experiar,
647 2869 712 2938 qnid
731 2870 900 2922 coircedatur
918 2871 946 2922 in
965 2871 1030 2941 illis,

465 2958 591 3024 Quorum
609 2959 746 3012 Flaminia
764 2961 868 3028 tegitur
888 2961 956 3012 cinis
976 2941 1059 3028 atquc
1079 2961 1203 3029 Letina“,

200 3067 290 3126 recte
314 3060 377 3126 dici
402 3067 550 3142 possunt.
596 3063 626 3126 Ε
651 3061 775 3128 satiras
800 3081 877 3128 vero
902 3062 1036 3144 quintae
1060 3061 1206 3128 decimae
1230 3061 1395 3126 uorsibus:

1151 3174 1286 3240 „Horrida
1305 3189 1372 3226 sene

466 3265 621 3334 Aegyptus,
640 3265 690 3317 sed
708 3265 828 3334 luxuria,
849 3269 983 3333 quantum
1002 3266 1062 3334 ipse
1082 3266 1186 3333 notavi,

467 3355 591 3407 Barbara
610 3356 717 3407 famoso
737 3370 792 3407 non
813 3355 886 3407 cedit
906 3355 988 3406 turba
1007 3353 1137 3423 0611666ιι
1153 3350 1185 3420 ⁷),

201 3461 238 3520 ut
266 3456 331 3522 iam
367 3457 549 3522 Salmasius
564 3453 589 3538 ⁸)
619 3456 741 3536 aliique
764 3464 854 3521 recte
876 3455 1083 3521 affirmarunt
1097 3453 1134 3538 ⁹),
1164 3455 1321 3538 sequitur,
1348 3466 1477 3535 poetam

201 3555 376 3652 aliquando
389 3573 422 3638 in
439 3573 596 3654 Aegypto
610 3572 843 3656 peregrinandi
857 3591 957 3638 causa
968 3571 1081 3638 fuisse.
1110 3573 1211 3638 Haud
1226 3571 1331 3636 minus
1344 3569 1479 3653 insulsa,

311 3747 332 3812 ¹)
360 3747 403 3798 De
423 3747 604 3816 temporibus,
623 3763 649 3815 p.
669 3747 694 3799 9.

309 3839 333 3903 ²)
361 3836 422 3888 Vid.
442 3853 468 3905 p.
488 3833 585 3888 6-10.

309 3923 332 3991 ³)
361 3925 403 3977 De
423 3925 516 3993 exilio,
535 3943 561 3994 p.
582 3925 625 3978 10.

308 4013 333 4081 ⁴]
361 4015 439 4083 ibid,
457 4032 484 4084 p.
504 4015 547 4067 19.

310 4105 333 4171 ⁵)
362 4105 628 4173 Sac.1,150-152.

309 4193 333 4260 ὓ)
363 4195 418 4246 Set.
439 4194 497 4264 Vll,
517 4193 551 4246 89
571 4199 599 4246 et
617 4193 659 4246 90.

311 4281 334 4352 ἶ)
363 4284 442 4336 Vers.
462 4283 577 4336 44--46,

310 4377 334 4440 ⁸¹)
363 4374 485 4426 Exercit.
504 4373 573 4425 Pliu.
593 4390 619 4442 p.
638 4372 698 4424 452.

311 4461 336 4530 9)
366 4464 483 4516 Uberius
498 4464 532 4516 de
546 4463 640 4515 1111616
654 4478 742 4531 nuper
756 4463 908 4532 disputavit
921 4461 1150 4531 Synncrbergius,
1169 4477 1194 4534 p.
1207 4458 1322 4514 45-48,
1341 4487 1376 4496 -
1395 4457 1471 4512 stam

204 4554 271 4623 pini,
289 4569 316 4622 p.
336 4551 370 4604 60
389 4558 417 4605 61
435 4552 477 4608 61.
