3456 5064
842 377 882 436 29

757 461 966 469 ——-———-

219 583 319 649 etiam
343 587 499 650 externas
523 583 768 667 subiungendas
792 585 946 668 arbitror,
983 605 1066 666 quae
1090 589 1184 652 aetas
1208 585 1366 668 cuiusque
1391 606 1498 654 mores

219 700 376 782 principis
415 701 457 766 ad
497 700 632 766 exilium
667 705 786 782 poetae
822 720 919 783 quam
955 701 1096 766 maxime
1120 701 1270 768 conferre
1306 701 1498 784 potuerint?

218 816 510 884 Verumenimvero
549 837 728 898 paucorum
767 817 827 883 illa
865 837 1020 884 versuum
1059 816 1176 900 satira,
1216 837 1299 900 quae
1338 819 1499 886 Juvenali

218 931 352 997 exilium
377 935 519 1018 paravit,
556 934 655 1001 aliter
687 942 722 1002 et
746 956 786 1002 ex
809 955 845 1001 re
870 941 969 1001 et‘ex
1001 941 1149 1018 tempore
1183 935 1344 1017 explicari
1380 937 1497 1017 potuit.

218 1048 305 1114 Nam
329 1054 409 1132 tum,
433 1049 498 1116 iam
516 1050 801 1135 quadragesimum
820 1053 911 1119 vitas
936 1071 1055 1118 annum
1080 1071 1193 1134 agene,
1218 1052 1284 1134 „ad
1301 1052 1497 1136 dignitatem

218 1165 382 1246 equestris
406 1165 531 1232 ordinis
555 1187 616 1233 sua
638 1168 763 1234 virtute
786 1168 961 1249 pervenire
978 1166 1119 1235 meruit“
1132 1164 1165 1251 ¹).
1207 1168 1337 1236 Deinde
1356 1189 1394 1236 eo
1410 1169 1498 1235 baud

218 1282 315 1348 dubie
351 1288 508 1366 tempore,
547 1289 585 1350 ut
619 1285 735 1350 titulus
770 1285 921 1367 lapideus
958 1284 1083 1367 Aquini
1118 1291 1274 1368 repertus
1308 1280 1497 1369 testatur²p

222 1397 401 1464 honorifico
426 1399 587 1482 „flaminis
611 1401 692 1467 Divi
715 1399 937 1482 Vespasiani“
958 1421 1092 1468 munere
1108 1399 1339 1485 fungebatur³)
1363 1407 1499 1484 arteque

218 1515 423 1581 declamandi
461 1516 592 1597 aliquod
632 1517 695 1583 sibi
729 1537 845 1584 nomen
881 1519 946 1584 iam
983 1519 1190 1600 comparavit
1225 1537 1325 1598 seque
1362 1518 1496 1604 dignum

217 1631 381 1710 praebuit,
413 1633 469 1714 qui
493 1654 513 1700 a
537 1633 699 1700 Martiale
728 1633 933 1717 „facundus“
966 1629 1238 1718 appellaretur4).
1290 1635 1409 1718 Itaque
1432 1655 1497 1702 non

217 1747 299 1813 adeo
323 1767 447 1829 parvae
477 1750 733 1816 existimationis
757 1751 811 1819 vir
839 1752 895 1818 ille
920 1754 1045 1818 Romae
1068 1752 1141 1835 luit,
1173 1752 1223 1818 uti
1253 1759 1389 1834 propter
1418 1773 1497 1818 iron-

216 1866 323 1931 nullos
345 1884 463 1932 versus
486 1867 519 1931 in
555 1868 716 1947 quendam
741 1868 977 1950 pantomimum
1014 1870 1213 1950 compositos
1247 1870 1328 1936 urbe
1358 1887 1496 1935 summo·

217 1988 362 2048 veretur.
416 1983 489 2048 Neo
519 1983 850 2065 praetermittendum
883 1989 934 2050 est
959 1983 1232 2068 epigrammatum
1256 1985 1496 2051 confectionem

216 2103 284 2164 tam
309 2099 438 2166 solit-am
463 2101 515 2165 bis
539 2102 740 2182 temporibus
764 2101 877 2184 fuisse,
914 2107 1016 2168 utne
1040 2084 1157 2168 summi
1192 2102 1320 2182 quidem
1357 2106 1392 2167 et
1422 2121 1496 2185 gra·

216 2215 345 2281 vissimi
368 2215 433 2280 viri
457 2215 523 2280 otio
548 2235 606 2282 suo
630 2217 726 2282 buius
750 2216 799 2282 rei
815 2236 915 2284 eausa
936 2223 1112 2299 parcerent
1132 2218 1356 2299 ludicramque
1371 2218 1495 2302 poesin,

216 2351 299 2412 quae
322 2331 408 2398 baud
433 2352 509 2398 raro
539 2352 650 2398 omnes
685 2333 754 2398 fere
779 2333 870 2400 vitae
906 2333 1110 2401 conditiones
1145 2334 1337 2418 attingeret,
1372 2333 1495 2416 passim

216 2443 451 2532 t1·uetareut⁵).
490 2449 555 2515 His
580 2450 728 2516 omnibus
744 2451 842 2516 rebus
858 2451 1033 2534 reputatis,
1059 2470 1123 2516 non
1148 2455 1200 2517 est
1216 2471 1274 2517 eur
1296 2449 1494 2534 dubitemus

215 2565 292 2646 quin
318 2571 452 2646 praeter
476 2564 567 2631 exilii
598 2585 726 2650 causas,
758 2585 840 2646 quas
864 2587 881 2632 e
906 2567 986 2633 vitis
1010 2572 1197 2648 compertas
1226 2567 1392 2651 babemus,
1424 2568 1495 2648 plu-

214 2681 332 2746 rimum
358 2682 399 2747 ad
423 2681 508 2747 bane
532 2702 599 2746 uem
625 2688 806 2764 temporum
831 2683 986 2766 conditio,
1016 2703 1124 2750 mores
1153 2684 1383 2766 ingeniumque
1408 2684 1495 2766 prin·

216 2797 297 2878 oipis
322 2798 454 2879 eiusque
478 2818 550 2864 oum
575 2798 658 2866 viris
681 2799 841 2866 Juvenali
866 2800 1028 2866 similibus
1048 2800 1259 2883 consuetudo,
1285 2801 1494 2867 contulerint.

320 3037 343 3103 ¹)
371 3037 436 3090 Vita
453 3037 616 3090 Bodleiana.

319 3127 344 3192 2)
374 3125 413 3179 (ll.
432 3128 495 3179 inlr.
596 3133 599 3140 ’

322 3213 346 3282 ³)
376 3214 416 3267 Cl'.
436 3216 604 3284 Marquardt,
629 3215 749 3268 Alter-th.
769 3215 814 3268 IV.
833 3233 860 3285 p.
879 3215 932 3268 425
956 3233 982 3267 n.
1003 3215 1082 3268 2920.
1111 3246 1145 3255 —
1174 3215 1275 3285 Pauly,
1297 3215 1493 3282 Real-Eneyel.

212 3305 258 3374 Vl,
280 3309 301 3357 l.
321 3305 337 3357 3
357 3305 382 3356 3.

319 3393 345 3461 ¹²)
373 3395 453 3448 Mart.
472 3397 523 3465 Ep.
543 3395 601 3465 Vll,
621 3396 668 3448 91:
699 3395 758 3461 „De
776 3400 883 3464 nostro,
901 3393 1028 3462 secunde,
1057 3395 1108 3448 tibi
1126 3395 1270 3448 luvenalis
1288 3395 1379 3463 agello
1399 3375 1493 3447 Satur'·

212 3485 330 3536 nalieias
354 3487 491 3537 mittimus
517 3502 580 3538 eece
600 3489 710 3538 nuces.“
736 3516 770 3524 -
790 3485 840 3538 Hie
859 3485 931 3537 liber
949 3487 1191 3555 epigrammatum,
1214 3489 1246 3536 ut
1264 3484 1493 3536 Friedlaeuderus

212 3575 293 3628 docet
312 3577 368 3642 (De
388 3577 560 3646 temporibus
573 3577 708 3628 librorum
722 3576 856 3628 Martialis
870 3576 1031 3629 Domitiano
1045 3578 1201 3646 imperante
1215 3576 1306 3644 editis,
1324 3574 1493 3644 Regimonti,

211 3665 305 3736 1862),
331 3683 395 3718 ann.
420 3666 453 3718 92
473 3685 501 3736 p.
521 3666 584 3719 cur.
603 3671 660 3719 nat.
685 3667 777 3719 editus
797 3670 848 3718 est.
876 3695 910 3705 —
940 3665 979 3718 ct
999 3668 1047 3718 vit.
1070 3667 1271 3735 Kalenkamp.:
1301 3664 1494 3731 „Declamavit

210 3772 266 3808 non
285 3758 418 3809 mediocri
437 3759 536 3809 lama.“
849 3739 852 3743 ⁴

317 3847 342 3914 5)
370 3847 448 3914 Plin,
462 3847 512 3916 Ep.
526 3847 572 3916 IV,
592 3846 627 3898 14
645 3850 659 3912 §
678 3847 762 3898 2-5:
793 3846 939 3916 „Accipies
959 3863 1022 3898 eum
1040 3845 1093 3898 bae
1110 3845 1230 3916 epistola
1242 3843 1492 3910 hendecasyllabos

210 3941 335 3990 nostros:
368 3937 467 4004 quibus
491 3952 543 3989 noa
568 3939 597 3988 in
622 3937 766 4005 vehiculo,
790 3938 819 3988 in
839 3937 959 4005 balineo,
983 3938 1056 3988 inter
1076 3952 1191 3989 coenam
1210 3935 1383 3988 oblectamus
1403 3935 1491 3986 otium

211 4027 354 4096 temporis.
385 4027 434 4078 His
447 4027 580 4095 iocamur,
595 4025 726 4093 ludimus,
740 4041 875 4094 ornamus,
894 4026 1030 4094 dolemus,
1045 4027 1195 4094 querimur,
1208 4025 1368 4076 irascimur:
1389 4023 1491 4076 deseri-

210 4116 302 4169 bimus
323 4116 429 4184 aliquid
448 4116 531 4168 modo
551 4117 685 4184 pressius,
705 4115 789 4168 modo
810 4116 924 4168 elatius:
952 4120 1037 4183 atque
1055 4117 1118 4184 ipsa
1135 4116 1253 4168 ueritate
1273 4118 1414 4166 tentamus
1433 4113 1491 4164 elli·

211 4221 281 4274 esre,
303 4210 332 4258 ut
351 4207 407 4258 alia
425 4206 497 4274 aliis,
527 4206 663 4274 quaedam
687 4207 808 4258 sortasse
835 4206 966 4258 omnibus
989 4206 1126 4274 placeant.
1163 4206 1207 4258 Ex
1233 4203 1334 4272 quibus
1353 4207 1447 4256 tamen
1467 4205 1491 4254 si

210 4295 345 4348 norrnulla
369 4295 419 4347 tibi
443 4295 540 4364 paullo
569 4295 760 4365 petulantiora
786 4295 969 4364 videbuntur,
994 4297 1047 4347 erit
1075 4295 1241 4348 eruditionis
1267 4298 1332 4346 tuae
1358 4293 1491 4362 cogitare,

211 4400 335 4436 summos
360 4385 424 4436 illos
449 4389 477 4436 et
499 4386 683 4453 gravissimos
709 4386 792 4453 viros,
817 4386 864 4453 qui
890 4385 957 4436 talia
981 4386 1162 4454 seripserunt,
1186 4399 1242 4436 non
1268 4382 1350 4436 modo
1374 4382 1491 4435 lascivia

209 4489 311 4542 rerum,
337 4474 386 4526 sed
413 4491 447 4526 ne
476 4475 568 4526 verbis
598 4475 709 4542 quidem
739 4475 822 4527 nudis
851 4475 1031 4543 abstinuisse,
1063 4490 1134 4541 quae
1162 4489 1214 4526 nos
1243 4473 1406 4542 refugimus,
1433 4486 1490 4523 non

211 4564 277 4629 quia
295 4565 449 4616 severiores
469 4563 556 4630 (undo
576 4565 692 4633 enimi),
712 4564 762 4616 sed
781 4566 847 4633 quia
865 4563 1019 4616 timidiores
1040 4567 1162 4616 sumus.“
1201 4561 1241 4614 (ll.
1260 4563 1310 4632 Ep.
1331 4562 1389 4632 Vll,
1408 4560 1433 4615 4.
