3456 5064
859 384 900 442 30

237 595 356 675 Itaque
380 611 421 658 ne
444 592 608 659 incassum
625 592 797 673 disputare
813 592 993 675 videamur,
1017 591 1200 656 Domitiani
1217 591 1361 674 paneam
1384 595 1516 655 oetatem

238 708 472 776 examinemus,

347 825 411 891 &ab
425 825 614 890 Domitiano
631 821 790 908 (ar-96)
807 823 1028 908 quadraginta
1044 843 1146 891 annos
1162 823 1340 891 Juvenalis
1357 823 1514 904 explevit.

238 941 376 1009 Claudio
401 949 436 1007 et
458 941 586 1008 Neroni
609 947 778 1022 superstes
795 945 934 1006 cruenta
954 940 1044 1007 bella
1067 941 1155 1006 inter
1172 939 1324 1022 Galbam,
1341 937 1514 1021 Othonem,

236 1057 410 1125 Vitellium
427 1057 498 1124 vita
516 1057 697 1139 superavit.
723 1056 922 1139 Vespasiani
943 1063 978 1123 et
994 1057 1064 1122 uiti
1087 1057 1299 1138 temporibus,
1325 1056 1398 1121 (lum
1417 1074 1516 1137 popu-

236 1175 288 1240 lus
317 1195 358 1240 ex
385 1193 506 1256 magna
534 1173 783 1256 perturbatione
807 1173 988 1239 animorum
1014 1179 1049 1238 et
1071 1191 1180 1238 rerum
1204 1172 1349 1254 requiem
1374 1172 1513 1254 quaerit,

236 1291 429 1373 luvenalis,
462 1290 518 1370 qui
545 1309 604 1371 per
631 1289 772 1370 triginta
800 1289 870 1355 iere
898 1309 1001 1356 annos
1029 1296 1163 1355 ruentes
1187 1290 1220 1355 in
1244 1289 1336 1370 peius
1360 1287 1515 1370 antiquos

236 1405 387 1472 civitatis
410 1425 518 1472 mores
542 1405 839 1488 animadvertebat,
867 1405 957 1473 vires
980 1405 1106 1490 ingenii
1130 1406 1163 1471 in
1189 1425 1287 1471 unum
1313 1404 1513 1488 conserebat,

236 1522 360 1605 omnia,
395 1542 479 1604 quae
513 1521 645 1589 viderat
679 1541 846 1604 quaequae
886 1528 1052 1606 senserat,
1088 1522 1159 1605 ipse
1193 1543 1302 1590 seeum
1337 1523 1516 1604 reputabat

236 1639 407 1720 animoque
431 1639 523 1721 baec,
548 1644 586 1704 ut
602 1637 672 1719 ipse
689 1637 748 1721 ait,
774 1650 850 1704 ante
869 1641 967 1705 tubas
991 1640 1166 1706 volutabat
1176 1634 1199 1722 ¹)
1223 1657 1285 1704 neo
1301 1639 1392 1720 prius
1409 1637 1514 1719 plicas

235 1755 381 1823 uelorum
406 1756 556 1838 integras
580 1749 784 1838 explicuit²),
810 1774 905 1836 quam
930 1775 1024 1822 omne
1048 1755 1170 1822 crimen
1194 1756 1228 1821 in
1253 1755 1356 1821 arduo
1373 1754 1512 1835 positum

235 1869 578 1954 animadvertissem).
625 1872 665 1942 In
689 1871 867 1938 iuvenilem
896 1871 1040 1938 animum
1070 1873 1138 1938 alte
1168 1871 1386 1938 descenderat
1409 1869 1514 1952 turpi-

234 1987 314 2051 tudo
342 1985 557 2053 maximorum
587 1987 761 2068 scelerum,
792 1987 910 2068 quibus
939 1994 1033 2054 actas
1062 1988 1246 2054 laborabat.
1295 1987 1423 2068 Magna
1450 1985 1514 2050 ira·

235 2101 355 2168 euridia
378 2095 595 2186 commotus⁴)
619 2101 685 2168 iam
702 2121 829 2168 summa
845 2123 917 2170 curm
934 2103 1161 2188 indignatione
1175 2103 1210 2168 in
1227 2103 1373 2184 quolibet
1389 2102 1514 2168 scelere

236 2221 371 2286 obrutos
404 2219 597 2286 inventurus
632 2224 715 2288 erat.
773 2218 930 2286 Idoneum
967 2225 1095 2301 tempus
1128 2221 1170 2286 acl
1205 2220 1345 2286 vulnera
1379 2217 1514 2284 civitati

233 2335 360 2402 inflicta
394 2335 542 2402 sananda
577 2337 733 2404 advenire
768 2335 945 2402 videbatur
981 2357 1171 2418 morumque
1209 2336 1380 2418 turpitudo
1416 2352 1512 2416 quam

233 2451 374 2518 maxime
409 2452 452 2518 ad
482 2452 604 2518 satiras
637 2453 828 2520 scribendas
855 2453 1018 2519 incitabat
1031 2449 1067 2538 ⁵).
1116 2454 1181 2520 Sed
1210 2473 1285 2535 spes
1312 2450 1513 2520 Juvenalem

233 2567 364 2634 fefellit.
410 2569 509 2634 Mitis
532 2567 628 2634 initio
651 2568 781 2650 imperii
794 2567 829 2651 ⁰),
854 2570 1064 2636 Domitianus
1089 2569 1301 2653 „aliquandiu
1324 2588 1359 2635 se
1383 2568 1511 2636 varium

233 2684 419 2768 praestitit,
455 2684 594 2750 mistura
627 2703 753 2766 quoque
785 2685 986 2767 inaequabili
1019 2684 1174 2752 vitiorum
1211 2690 1310 2767 atque
1339 2684 1511 2766 virtutum,

234 2801 339 2866 donee
369 2800 514 2869 virtutes
547 2820 673 2884 quoque
706 2801 740 2866 in
776 2801 857 2870 vitia
886 2797 1091 2886 deflexit“⁷).
1139 2803 1220 2868 Mox
1253 2807 1364 2867 tamen
1397 2801 1513 2867 innata

344 3039 367 3106 ¹)
396 3039 451 3092 Sat.
470 3039 492 3108 1,
516 3038 670 3092 mss-169:
690 3080 697 3093 .
717 3078 750 3092 ..
777 3040 897 3106 „Tecum
920 3041 997 3110 prius
1023 3055 1088 3109 ergo
1113 3039 1209 3092 voluta
1233 3039 1307 3091 Haeo
1330 3039 1423 3090 animo
1447 3042 1512 3090 oute

236 3129 343 3182 lubos.“
367 3159 403 3168 -
426 3129 474 3182 llis
502 3129 594 3198 rebus,
618 3133 649 3181 ut
667 3131 775 3199 opinor,
803 3134 867 3200 apte
895 3130 1010 3199 longum
1034 3130 1177 3182 Juverrolis
1206 3129 1348 3182 silentium
1377 3128 1512 3196 explicari

233 3222 335 3287 potest.
374 3216 413 3273 Ol.
432 3219 481 3271 vit.
500 3217 674 3270 Henniniana
693 3222 721 3270 et
739 3217 854 3270 Donati:
876 3219 940 3285 „diu
959 3220 1071 3272 tacuit.“

342 3307 367 3374 ²)
395 3307 451 3360 Sat.
469 3307 491 3377 I,
510 3306 663 3360 149-150:
689 3347 702 3374 „
724 3348 730 3360 .
751 3348 757 3360 .
777 3348 783 3361 .
804 3348 811 3362 .
829 3309 912 3361 Utere
931 3309 1014 3361 velis!
1043 3309 1130 3361 Totos
1149 3309 1239 3378 pande
1259 3309 1371 3360 sinus!“

340 3396 365 3464 ³)
392 3396 470 3466 ibid,
490 3415 515 3450 v.
540 3397 695 3450 147-1492
726 3397 788 3464 „Nil
813 3399 866 3450 erit
884 3397 1010 3466 ulterius,
1042 3398 1116 3466 quod
1139 3400 1243 3451 nostris
1271 3397 1395 3450 moribus
1428 3397 1512 3448 addat

234 3487 395 3555 Posteritos,
415 3487 512 3539 eadem
531 3487 634 3539 seeient
653 3489 819 3557 cupientque
839 3488 969 3556 minores,
989 3487 1078 3540 Omne
1090 3489 1119 3539 in
1138 3489 1283 3558 praecipiti
1296 3489 1395 3540 vitium
1408 3489 1510 3540 stetit.“

340 3573 365 3642 ¹⁸)
393 3574 470 3644 leid,
488 3592 514 3627 v.
533 3575 582 3627 45:
603 3575 725 3642 „Siccum
744 3576 819 3628 ieeur
837 3576 930 3628 ardeat
947 3577 1015 3628 ire“.

342 3664 367 3731 ⁵)
394 3663 471 3734 lbid,
490 3683 515 3718 r.
535 3665 582 3718 63:
608 3665 721 3732 ,Nonne
739 3665 806 3719 libet
824 3665 913 3718 medio
931 3681 1007 3718 ceres
1025 3667 1140 3736 implere
1158 3682 1268 3737 capaces
1287 3665 1462 3732 Quadrivio.“

341 3752 367 3822 ὅ)
394 3754 466 3807 Suet.
484 3754 565 3808 Dom.
584 3755 614 3808 9:
641 3756 732 3824 „Inter
749 3757 829 3808 initia
847 3755 914 3808 odeo
932 3755 966 3808 ab
984 3757 1060 3808 omni
1079 3756 1158 3808 caede
1172 3756 1342 3826 abhorrebat,
1360 3761 1392 3808 ut
1409 3757 1512 3808 edicere

233 3843 420 3898 destinavitne
429 3844 511 3898 boves
518 3844 736 3898 immolarentur.
749 3845 1026 3915 cupiditatisquoque
1035 3849 1117 3915 atque
1126 3849 1258 3900 avaritiae
1267 3847 1317 3898 vix
1329 3849 1511 3916 suspicionem

234 3933 319 3985 ullam
340 3934 426 4003 dedit,
444 3937 531 3988 immo
550 3950 651 4005 magno
669 3950 748 4004 saepe
771 3951 826 3988 non
851 3935 1032 3988 abstinentiae
1056 3936 1145 4006 modo,
1169 3936 1316 3989 sedetiam
1340 3937 1512 3990 liberalitatis

233 4025 428 4092 experimenta.
448 4054 482 4064 -
501 4024 634 4094 Apposite
645 4025 767 4077 Boissius
785 4024 915 4092 (Juvenal
929 4030 955 4077 et
967 4041 1016 4078 son
1029 4030 1125 4096 temps,
1138 4027 1231 4078 Revue
1244 4026 1290 4078 ‹les
1304 4027 1378 4078 deux
1391 4027 1512 4096 mandes,

235 4111 298 4182 Mai,
324 4113 402 4184 1870,
426 4114 442 4165 1
467 4113 540 4183 lirr,
564 4129 591 4182 p.
615 4113 695 4180 154):
729 4112 818 4179 „Getta
842 4116 969 4181 tyrannia
992 4120 1074 4184 parut
1096 4115 1159 4184 plus
1183 4115 1279 4168 lourde
1305 4131 1385 4184 parce
1413 4117 1513 4185 qu'elle

232 4201 298 4254 etait
316 4205 406 4255 moins
429 4202 569 4272 attendas,
593 4217 629 4255 on
653 4201 754 4254 detesto
770 4202 910 4256 Domitien
929 4209 955 4256 et
972 4221 1042 4274 poor
1060 4205 1099 4257 les
1118 4206 1216 4257 crimes
1233 4205 1292 4274 quil
1305 4208 1380 4258 arsit
1397 4209 1512 4259 commis

232 4297 259 4344 et
276 4307 346 4361 poor
364 4292 403 4345 les
421 4291 577 4362 asperences
595 4292 656 4361 quil
672 4293 746 4344 avait
763 4291 922 4362 trompees.“
943 4324 976 4334 -
997 4294 1113 4347 Uberius
1131 4294 1231 4348 dehac
1249 4311 1278 4348 re
1297 4313 1321 4348 v.
1345 4313 1388 4366 ep.
1413 4296 1514 4349 Irnlrol.

232 4382 251 4435 l.
270 4382 287 4434 l.
306 4399 333 4451 p.
352 4382 386 4434 35
405 4398 444 4451 sq.

341 4470 365 4538 ⁷)
393 4472 464 4525 Suet.
489 4472 569 4526 Dom.
594 4472 619 4524 3.
639 4503 673 4510 --
692 4473 778 4542 Peter,
804 4470 962 4526 Gesohiclrte
987 4473 1079 4526 Rome.
1116 4475 1155 4525 ΙΙΙ
1179 4474 1225 4526 Bd.
1264 4473 1387 4526 2Abth.
1423 4474 1511 4546 Helle,

232 4561 301 4614 1869
320 4579 345 4632 p.
366 4562 425 4614 114.
