3456 5064
838 374 878 432 28

752 457 964 464 --·-—-—

216 577 301 643 torio
325 576 460 644 recitati
475 583 573 644 erant
583 575 616 663 ¹),
641 580 757 646 deinde
774 600 863 665 vero,
889 583 948 647 sub
965 576 1155 665 Traian02),
1180 581 1340 664 septimae
1362 582 1497 666 satirae,

216 692 250 758 in
275 713 339 775 qna
363 713 448 761 nunc
472 693 651 779 exstant³),
676 695 795 763 inserti
820 703 906 764 sunt.

323 811 378 876 Ex
401 811 453 877 bis
476 811 626 878 omnibus
650 814 848 880 testimoniis
873 815 1072 897 gravissima
1088 814 1129 880 ad
1146 820 1275 896 tempus
1292 814 1383 880 exilii
1406 821 1497 882 recte

219 928 437 995 definiendum
461 929 584 996 mentio
623 929 836 1014 „bistrionis“
873 933 927 1000 vel
964 931 1176 1015 „pantomimi
1211 928 1367 996 Paridis“
1403 931 1498 998 nobis

218 1043 361 1112 videtur.
407 1046 483 1112 Hoc
507 1047 592 1112 enim
618 1067 744 1128 nomon,
770 1047 959 1114 testimonio
976 1047 1184 1130 Apollinaris
1199 1046 1327 1113 Sidonii
1351 1034 1509 1130 compro*

216 1155 375 1244 batum4),
401 1162 512 1228 eadem
539 1163 668 1246 antiqui
691 1163 793 1231 fontis
816 1164 972 1248 vestigia,
998 1184 1086 1246 quae
1110 1183 1211 1245 supra
1235 1163 1496 1248 observavimus,

217 1297 298 1359 prae
322 1297 357 1345 se
381 1277 468 1345 ferre
492 1279 636 1348 videtur.
683 1280 749 1347 Sed
772 1302 844 1348 curm
868 1282 930 1348 duo
955 1281 1149 1364 pantomimi
1172 1281 1321 1364 Parides,
1352 1300 1437 1348 unus
1461 1282 1495 1347 in

217 1393 345 1462 deliciis
369 1396 456 1477 apud
479 1396 656 1480 Neronem,
693 1398 779 1464 alter
808 1433 851 1442 -
882 1398 969 1480 apud
993 1398 1231 1481 Domitianum,
1265 1403 1496 1481 memorentur,

218 1511 358 1592 primum
382 1511 416 1576 in
442 1531 480 1576 eo
504 1513 692 1597 ambigitur,
717 1519 791 1580 uter
807 1513 865 1580 ille
881 1514 980 1582 Paris
1003 1514 1127 1581 fuerit?
1151 1515 1236 1580 Tum
1256 1512 1499 1580 Omniboniana

217 1626 292 1716 uita
314 1629 549 1712 relegationem
574 1635 693 1712 poetae
717 1631 760 1696 ad
784 1631 922 1698 Traiani
950 1637 1100 1714 tempora
1123 1630 1237 1713 refert,
1273 1631 1306 1696 in
1329 1629 1499 1696 Probiana

218 1763 298 1812 vero
322 1750 356 1810 et
372 1745 557 1813 Bodleiana
579 1747 701 1812 nullum
726 1747 937 1830 imperatoris
953 1767 1069 1813 nomen
1087 1752 1209 1830 exstat,
1234 1765 1335 1829 quare
1351 1746 1498 1812 hominos

218 1861 308 1926 docti
331 1861 396 1926 iam
419 1863 495 1927 inde
531 1883 552 1929 a
584 1859 814 1947 Oalderin05),
846 1861 1053 1948 Salmasio⁶),
1092 1856 1301 1943 Dodwello⁷l
1336 1863 1369 1927 in
1406 1861 1497 1926 exilii

218 1983 354 2042 auctore
378 1976 561 2044 definiendo
585 1979 682 2046 valde
707 1980 907 2062 discrepant.
947 1980 1003 2047 Sic
1027 1980 1085 2047 alii
1101 1981 1278 2061 Neronem,
1303 1979 1360 2045 alii
1384 1978 1497 2044 Domi·

218 2093 353 2177 tianum,
379 2093 437 2160 alii
455 2095 633 2161 Traianum
651 2097 704 2163 vel
721 2097 928 2163 Hadrianum
946 2098 1176 2179 praetulerunt
1185 2093 1221 2178 ⁸),
1246 2116 1307 2162 nec
1323 2094 1498 2160 defuerunt

219 2210 390 2292 qui·nulla
421 2211 549 2277 ratione
574 2211 718 2279 vitarum
755 2214 999 2295 testimoniique
1023 2213 1230 2295 Apollinaris
1265 2212 1379 2278 habita
1414 2211 1497 2275 cele-

218 2327 394 2392 berrimam
418 2327 507 2393 illam
545 2328 604 2412 „de
628 2326 749 2395 exili0“
785 2331 1008 2411 quaestionem
1045 2329 1128 2395 nihil
1164 2349 1236 2395 esse
1262 2327 1327 2394 nisi
1351 2327 1496 2393 fabulam

217 2442 328 2508 fictam
365 2448 399 2508 et
433 2445 691 2510 commenticiam
727 2445 953 2512 demonstrare
989 2442 1233 2527 conarentnrb.
1286 2443 1399 2525 Atque
1434 2443 1496 2507 boc

218 2557 349 2640 quidem
379 2561 496 2642 negari
523 2579 591 2627 non
617 2567 737 2642 potest,
775 2561 1000 2628 difficillimum
1025 2582 1097 2628 esse
1121 2563 1205 2627 lianc
1229 2567 1287 2628 aut
1310 2561 1399 2626 illam
1425 2578 1497 2625 sen-

216 2675 353 2740 tentiam
378 2679 530 2760 probare,
555 2678 762 2758 praesertim,
787 2677 816 2744 si
841 2679 1039 2761 consideres
1068 2679 1102 2744 in
1125 2678 1237 2744 satiris
1261 2663 1496 2743 Juvenalianis

216 2791 308 2858 nulla
342 2792 433 2858 exilii
457 2793 633 2859 manifesta
657 2799 790 2860 exstare
825 2795 1027 2862 testimonia.
1074 2795 1230 2861 Aemilii
1259 2793 1388 2875 quidem
1412 2793 1496 2857 hanc

217 2908 442 2992 quaestionem
461 2909 652 2992 diligentius
669 2912 867 2992 expendenti
882 2911 1148 2994 probatissimum
1167 2928 1296 2991 semper
1312 2908 1495 2990 videbatur,

215 3023 258 3088 ad
282 3023 368 3090 bano
390 3045 459 3091 rem
484 3025 719 3092 enucleandam
743 3029 1039 3110 stabiliendamque
1068 3027 1260 3094 testimonia
1288 3025 1496 3106 antiquarum

216 3139 361 3206 vitarum
386 3161 425 3206 ac
449 3141 708 3222 disceptationes
725 3143 765 3208 de
781 3144 959 3210 Juvenalis
983 3145 1161 3211 carminum
1187 3148 1390 3228 temporibus
1410 3149 1498 3214 haud

216 3257 376 3324 sufficere.
426 3259 495 3324 Res
525 3259 604 3324 mihi
632 3258 733 3326 aliter
764 3260 969 3342 expedienda
998 3261 1139 3345 videtur,
1170 3263 1320 3330 nimirum
1345 3265 1496 3348 internis,

217 3377 256 3438 ut
278 3373 326 3439 ita
349 3373 466 3458 dicam,
502 3375 684 3442 rationibus
708 3375 864 3460 vitarum,
900 3377 1083 3459 dequibus
1112 3398 1212 3460 supra
1235 3381 1340 3448 locuti
1375 3401 1495 3466 sumus,

216 3499 377 3508 ——.—

324 3569 348 3635 1)
377 3571 495 3639 „Magne
520 3572 676 3639 frequentia
707 3588 864 3642 magnoque
895 3589 1026 3625 successu
1055 3573 1098 3626 bis
1125 3590 1157 3626 uc
1182 3579 1224 3626 ter
1248 3575 1359 3627 auditum
1386 3579 1444 3627 est“
1470 3578 1498 3628 in

217 3659 358 3711 nonnullis
378 3661 441 3712 vitis
460 3660 588 3728 legimus.

323 3749 347 3815 2)
376 3748 416 3802 cf.
435 3765 510 3818 supr.
529 3767 556 3819 p.
575 3750 689 3803 19-22.

323 3837 348 3905 ³)
376 3839 438 3892 Vrs.
457 3839 576 3892 90-92:
603 3839 702 3906 „Quod
721 3857 776 3892 non
802 3841 868 3893 dant
887 3856 1026 3910 proceres,
1051 3841 1127 3892 dabit
1146 3840 1259 3892 histrio:
1284 3845 1314 3892 tu
1338 3841 1499 3894 Camerinos

217 3929 253 3980 Et
272 3927 399 3998 Baream,
423 3933 452 3980 tn
477 3929 611 3982 nobilium
636 3947 738 3999 magna
761 3932 833 3982 atria
862 3933 962 3982 coras?
986 3933 1141 4000 praefectos
1167 3930 1287 4000 Pelopea
1309 3931 1383 4001 facit,
1408 3931 1499 3984 Philo·

217 4017 290 4069 mela
309 4017 461 4072 t1·ibunos.“

323 4105 348 4173 ⁴)
368 4106 408 4159 cf.
428 4122 502 4176 supr.
521 4125 547 4176 p.
567 4107 682 4160 11-12.

322 4195 346 4264 ὅ)
373 4196 404 4248 In
425 4196 490 4248 edit.
509 4196 636 4249 Juvenal.
656 4197 754 4252 Venet.
775 4197 853 4250 1475.

310 4283 352 4351 l)
379 4285 450 4338 Plin.
470 4286 670 4338 Exercitation.
689 4288 719 4338 in
738 4287 826 4339 Solini
845 4287 978 4354 Polpbist.
998 4287 1029 4340 T.
1047 4288 1068 4356 I,
1087 4305 1113 4358 p.
1133 4286 1194 4344 449.

323 4373 347 4440 ³)
375 4375 499 4428 Annales
519 4375 665 4445 Velleieni,
685 4375 874 4443 Quintilianci,
894 4377 1021 4445 Statiani,
1043 4376 1132 4430 Onon.
1156 4377 1226 4429 1698
1245 4395 1271 4446 p.
1292 4377 1352 4430 161.

324 4467 348 4529 ⁵)
377 4464 417 4516 Cf.
437 4465 585 4534 Hermann,
606 4465 647 4516 De
668 4471 719 4518 sat.
740 4471 808 4535 sept.
829 4471 924 4536 temp,
943 4483 971 4535 p.
990 4466 1006 4517 3
1026 4470 1054 4518 et
1072 4465 1098 4518 4.

323 4551 348 4622 ⁹)
377 4552 415 4606 Ol.
436 4570 521 4623 supra
539 4571 566 4623 p.
586 4554 601 4605 2
622 4571 685 4606 ann.
705 4555 784 4608 2-5.
