3456 5064
878 395 922 454 20

794 479 1007 486 ——-—.

260 599 345 666 diem
372 599 456 666 obiit
477 619 663 684 supremum
675 597 708 685 ¹).
756 599 901 670 Thebais
924 622 1003 670 vero
1028 603 1120 668 cuius
1143 603 1383 688 recitationem,
1409 610 1448 670 ut
1471 625 1540 671 rem

259 734 365 796 nuper
387 723 496 784 aotam
521 724 555 784 et
578 718 727 784 omnibus
750 725 871 802 uotam,
889 719 1067 786 Juvenalis
1090 719 1250 786 describit
1260 715 1296 803 ²),
1322 719 1413 786 intra
1437 741 1541 788 anuos

261 837 392 899 80-92
417 835 570 900 confecta
593 832 689 918 est³).
741 837 794 901 De
819 835 1024 920 Quintiliano
1048 835 1187 918 primum
1213 837 1454 918 observandum
1479 843 1539 921 est,

259 970 376 1018 nomen
406 951 476 1017 eius
504 951 704 1019 Juvenalem
735 971 794 1034 pro
830 951 992 1018 communi
1025 953 1164 1032 quodam
1200 953 1349 1035 exemplo
1385 953 1538 1036 rhetoris,

259 1069 424 1146 aduocati,
457 1067 598 1134 hominis
631 1067 719 1134 docti
753 1088 913 1149 usurpare
946 1061 1139 1151 potuisse⁴).
1191 1069 1319 1138 Versus
1353 1070 1438 1134 enim
1474 1071 1538 1135 illi:

259 1186 317 1269 „si
340 1185 474 1251 fortuna
497 1186 587 1252 volet
609 1185 667 1250 fies
691 1185 732 1250 de
755 1185 889 1252 rhetore
913 1186 1036 1268 consui,
1062 1184 1098 1251 Si
1122 1185 1214 1253 voiet
1237 1186 1319 1252 haec
1343 1187 1455 1252 cadero
1481 1187 1539 1253 fies

259 1301 299 1367 de
323 1301 456 1367 consule
480 1295 661 1384 rhetor“⁵),
686 1320 751 1367 non
776 1301 817 1367 ad
841 1303 1007 1367 rhetorem
1032 1300 1282 1386 Quintilianum,
1307 1303 1537 1368 aDomitiano

257 1419 442 1501 insignibus
467 1418 695 1484 consularibus
720 1424 872 1484 ornatum
885 1416 921 1502 ⁶),
952 1419 1010 1484 sed
1033 1419 1076 1483 ad
1098 1419 1269 1488 Valerium
1293 1419 1501 1485 Licinianum
1513 1414 1539 1502 ⁷)

259 1541 412 1617 spectare
427 1533 586 1602 videntur
596 1531 631 1618 ⁸).
669 1534 719 1600 At
735 1535 895 1601 iaciamus
908 1535 1108 1602 <Iuvenalem
1125 1555 1245 1602 revera
1261 1535 1454 1619 designasse
1468 1537 1541 1604 rhe-

262 1658 368 1717 torem
394 1650 646 1736 Quintilianum.
688 1650 775 1736 Quid
803 1651 945 1717 deiude?
969 1651 1057 1716 Num
1081 1652 1114 1717 in
1138 1651 1306 1717 Doduelli
1331 1653 1539 1735 sententiam,

259 1767 381 1833 exitum
404 1767 548 1833 rhetoris
565 1767 606 1834 ad
619 1767 786 1834 Hadriani
801 1773 944 1834 aetatem
962 1769 1052 1850 (aun
1072 1769 1134 1833 118
1150 1787 1181 1849 p.
1198 1765 1292 1852 Chr.)
1309 1769 1540 1850 proferendum

258 1903 330 1949 esse
356 1881 529 1966 eamus?⁹)
559 1885 663 1949 Immo
687 1903 767 1950 vero
791 1903 879 1950 nuno
902 1883 991 1950 inter
1015 1903 1127 1950 omnes
1149 1885 1219 1950 fore
1244 1891 1385 1968 constat,
1410 1884 1539 1970 Quinti-

257 1999 380 2064 lianum
404 2000 520 2066 Nerva
542 1999 726 2080 imperante
755 2008 815 2065 aut
844 2001 925 2066 adeo
955 2001 1146 2066 Domitiano
1176 2001 1245 2066 fato
1271 2002 1472 2068 concessisse
1487 1997 1537 2085 ¹¹¹).

256 2114 309 2179 Do
327 2115 465 2192 quodam
482 2133 561 2182 vero
584 2115 801 2200 Quintiliano,
826 2135 921 2197 quem
938 2117 1067 2182 Plinius
1092 2117 1273 2199 „modicum
1299 2115 1537 2184 facultatibus“

256 2227 467 2316 nominat¹'),
492 2253 546 2298 res
562 2232 713 2299 coniecta
729 2238 795 2315 est3
820 2253 894 2300 nam
920 2252 1006 2316 „non
1030 2252 1089 2315 pro
1114 2230 1280 2316 rhetor·e“,
1305 2235 1430 2299 utiam
1456 2233 1538 2299 Ges·

256 2367 356 2412 uerus
369 2352 460 2414 recte
475 2347 667 2416 observavit
679 2344 726 2432 ¹²),
742 2368 858 2415 nomen
872 2351 933 2415 hoe
949 2350 1102 2430 positum.
1143 2349 1269 2435 Quibus
1279 2351 1462 2416 nominihus
1475 2351 1537 2416 dum

256 2464 354 2529 etiam
373 2465 582 2548 subiungam:
609 2465 781 2531 Mathonis
798 2464 966 2548 causidici,
992 2466 1131 2546 quirem
1150 2486 1241 2532 suam
1266 2468 1326 2532 sub
1343 2467 1536 2532 Domitiano

258 2606 579 2624 .-.—-......—-—-{-..

361 2698 384 2764 ¹)
413 2698 540 2766 Struuch,
559 2698 577 2749 l.
596 2697 614 2750 l.
634 2715 660 2767 p.
680 2696 722 2749 36.

361 2788 385 2855 ²)
414 2789 470 2840 Sat.
490 2788 549 2856 VII,
568 2787 682 2840 82-87,

359 2875 384 2943 ³)
412 2877 583 2946 Dodwellun,
606 2879 634 2928 in
655 2865 800 2928 annalibus
822 2875 982 2943 Velieianis,
1006 2875 1210 2943 Quintilianeis,
1234 2876 1376 2928 Statianis.
1423 2875 1534 2944 Oxonii,

252 2965 322 3018 1698
341 2984 366 3036 p.
386 2966 437 3018 202
458 2983 499 3034 oq.

358 3055 368 3088 ⁴
412 3056 468 3109 Sat.
490 3055 533 3108 VI.
555 3057 596 3108 75.
616 3055 676 3107 280.
697 3055 755 3124 vu,
778 3053 835 3106 186.

360 3145 370 3178 ⁵
412 3146 468 3197 Sat.
491 3143 548 3197 vn.
569 3144 719 3199 197-198.

358 3233 368 3266 ⁰
414 3235 554 3303 Weidner,
573 3234 608 3286 ad
626 3234 724 3286 Juven.
745 3251 770 3303 p.
791 3233 851 3285 185.

359 3321 382 3390 7)
414 3324 492 3392 Plin,
512 3324 561 3392 Ep.
582 3323 628 3392 IV,
648 3323 686 3374 Ii:
708 3323 872 3388 „Arrdistinc
893 3322 1035 3374 Valerium
1055 3323 1227 3374 Licinianum
1241 3323 1269 3373 in
1283 3322 1377 3374 Sicilia
1389 3323 1532 3390 profiteri?

252 3413 475 3466 P1·uetoriushio
495 3413 579 3465 modo
599 3415 672 3465 iuter
692 3413 935 3481 eloquentissimos
960 3428 1106 3464 cauasarum
1133 3416 1242 3464 actores
1265 3412 1430 3480 habebatur,
1459 3429 1532 3463 nunno

253 3519 285 3554 oo
306 3503 415 3572 decidit,
434 3507 466 3554 ut
484 3501 549 3554 carol
566 3501 597 3554 dc
615 3504 745 3564 senatore,
764 3500 855 3554 rhetor
873 3500 905 3553 dc
923 3503 1030 3554 oratore
1043 3500 1126 3566 ficret.
1164 3502 1261 3570 Itaque
1286 3504 1346 3571 ipse
1371 3503 1400 3552 in
1424 3503 1506 3570 praei
1522 3531 1531 3540 ·

252 3595 327 3645 tione
363 3593 434 3644 dixit
463 3593 588 3644 dolenter
612 3597 640 3644 et
669 3594 805 3661 graviter:
838 3607 904 3658 poros
928 3589 976 3643 dot
1003 3590 1118 3657 foriano
1146 3590 1223 3643 ludos
1250 3589 1337 3657 facis!
1362 3588 1434 3657 focis
1461 3589 1532 3641 caim

251 3699 285 3734 eoo
298 3679 501 3750 professoribus
523 3684 667 3745 senatorer,
687 3699 720 3734 ea
738 3680 909 3734 aenatoribus
922 3680 1092 3748 professores
1099 3682 1129 3733 “d
1160 3680 1199 3734 Cf.
1219 3681 1318 3749 Imhoi,
1337 3679 1368 3734 T.
1382 3680 1422 3732 Fi.
1437 3680 1531 3732 Domi-

252 3775 353 3825 tianus.
391 3773 443 3824 Eia
463 3773 577 3842 Beitrag
595 3789 644 3824 zur
663 3772 830 3825 Geschichte
844 3772 868 3823 d.
887 3771 1045 3824 rdmischen
1062 3771 1225 3840 Kaisarzoit,
1244 3771 1332 3840 Haile,
1352 3770 1420 3822 1857
1442 3788 1469 3840 p.
1488 3769 1530 3821 94.

357 3860 382 3927 ⁸)
401 3862 474 3914 John
494 3864 583 3931 Levis,
603 3862 841 3918 mammonam
862 3862 969 3914 Satirae
989 3862 1056 3913 with
1077 3879 1094 3913 a
1112 3862 1204 3913 litera}
1218 3861 1326 3929 english
1346 3876 1428 3930 prose
1443 3865 1530 3912 trans-

250 3951 337 4002 lation
357 3951 411 4018 aud
431 3957 519 4004 notes.
557 3953 681 4021 Loudon=
701 3952 771 4003 1873
789 3969 816 4020 p.
835 3950 897 4002 382.
917 3981 952 3990 -
970 3951 1103 4020 Ribbeck,
1122 3951 1208 4020 praes.
1229 3967 1253 4018 p.
1273 3949 1319 4002 XI.
1334 3980 1367 3987 -
1385 3949 1531 4018 Siampiui,

251 4041 268 4092 l.
289 4041 306 4092 l.
326 4057 353 4110 p.
372 4040 415 4093 35.
771 4033 776 4040 ⁸

356 4127 381 4196 ⁹)
400 4130 573 4200 Dodwellus,
593 4129 726 4199 Annales,
745 4149 771 4200 p.
791 4130 844 4182 138
863 4146 903 4198 sq.
981 4161 991 4178 .·

347 4219 381 4287 ¹⁰)
401 4221 529 4291 Rothius,
542 4222 570 4274 in
584 4223 669 4290 praes.
685 4221 726 4274 ed.
741 4222 876 4290 Suetonii,
886 4237 912 4290 p.
927 4221 1057 4272 LXXVII.
1072 4251 1105 4258 —
1121 4219 1247 4287 Strauoh,
1266 4235 1293 4287 p.
1307 4218 1349 4270 35.
1364 4249 1398 4256 -—
1412 4217 1529 4284 Spnner-
1600 4203 1607 4214 ⁵

249 4311 327 4380 berg,
346 4328 372 4380 p.
393 4309 434 4364 76.
602 4317 605 4324 “

347 4401 381 4466 ¹¹)
400 4401 468 4452 Piiu.
488 4400 538 4470 Ep.
560 4401 604 4470 vt,
624 4401 667 4470 32,
687 4403 700 4466 §
719 4402 745 4452 2.
1134 4457 1139 4464 ,

348 4490 382 4556 ¹²)
403 4489 446 4542 hu
466 4490 535 4554 Piiu.
555 4490 572 4542 l.
593 4489 609 4542 l.
635 4506 661 4559 p.
681 4489 732 4541 243
753 4490 809 4555 (ed.
830 4491 903 4558 Lips.
923 4489 1015 4555 1770).
1036 4485 1122 4541 —-'cs.
1139 4489 1291 4556 Hermann,
1317 4488 1358 4540 Do
1383 4491 1433 4540 sat-.-
1454 4491 1524 4556 sept.

250 4584 366 4650 tempor.
385 4596 411 4648 p.
431 4580 464 4630 17
485 4585 513 4632 et
532 4580 576 4635 18.
597 4611 631 4620 -
652 4579 778 4650 Strauch,
797 4597 823 4648 p.
843 4580 877 4635 35
897 4596 922 4631 n.
942 4580 967 4634 5.
