<?xml version="1.0" encoding="UTF-8"?>
<!DOCTYPE html PUBLIC "-//W3C//DTD XHTML 1.0 Transitional//EN"
    "http://www.w3.org/TR/xhtml1/DTD/xhtml1-transitional.dtd">
<html xmlns="http://www.w3.org/1999/xhtml" xml:lang="en" lang="en">
 <head>
  <title>
</title>
<meta http-equiv="Content-Type" content="text/html;charset=utf-8" />
  <meta name='ocr-system' content='tesseract 3.04.00' />
  <meta name='ocr-capabilities' content='ocr_page ocr_carea ocr_par ocr_line ocrx_word'/>
</head>
<body>
  <div class='ocr_page' id='page_1' title='image "./dejuvenalisvita02nagugoog_0078.png"; bbox 0 0 3456 5064; ppageno 0'>
   <div class='ocr_carea' id='block_1_1' title="bbox 835 231 875 291">
    <p class='ocr_par' dir='ltr' id='par_1_1' title="bbox 835 231 875 291">
     <span class='ocr_line' id='line_1_1' title="bbox 835 231 875 291; baseline 0 0"><span class='ocrx_word' id='word_1_1' title='bbox 835 231 875 291; x_wconf 88' lang='lat'><strong>66</strong></span> 
     </span>
    </p>
   </div>
   <div class='ocr_carea' id='block_1_2' title="bbox 746 315 958 324">
    <p class='ocr_par' dir='ltr' id='par_1_2' title="bbox 746 315 958 324">
     <span class='ocr_line' id='line_1_2' title="bbox 746 315 958 324; baseline -0.005 -1"><span class='ocrx_word' id='word_1_2' title='bbox 746 315 958 324; x_wconf 76' lang='lat'><strong>——-—</strong></span> 
     </span>
    </p>
   </div>
   <div class='ocr_carea' id='block_1_3' title="bbox 175 437 1522 2832">
    <p class='ocr_par' dir='ltr' id='par_1_3' title="bbox 175 437 1522 2832">
     <span class='ocr_line' id='line_1_3' title="bbox 213 437 1522 522; baseline 0.002 -18"><span class='ocrx_word' id='word_1_3' title='bbox 213 437 325 506; x_wconf 87' lang='lat' dir='ltr'><strong>tianus</strong></span> <span class='ocrx_word' id='word_1_4' title='bbox 360 439 559 522; x_wconf 83' lang='lat' dir='ltr'><strong>audivisset,</strong></span> <span class='ocrx_word' id='word_1_5' title='bbox 596 457 668 505; x_wconf 90' lang='lat' dir='ltr'><strong>eum</strong></span> <span class='ocrx_word' id='word_1_6' title='bbox 704 443 855 520; x_wconf 90' lang='lat' dir='ltr'><strong>tempora</strong></span> <span class='ocrx_word' id='word_1_7' title='bbox 882 457 942 504; x_wconf 86' lang='lat' dir='ltr'><strong>sua</strong></span> <span class='ocrx_word' id='word_1_8' title='bbox 969 443 1120 522; x_wconf 87' lang='lat' dir='ltr'><strong>notasse,</strong></span> <span class='ocrx_word' id='word_1_9' title='bbox 1157 439 1281 520; x_wconf 88' lang='lat' dir='ltr'><strong>pudore</strong></span> <span class='ocrx_word' id='word_1_10' title='bbox 1312 439 1522 506; x_wconf 77' lang='grc'><strong>61166116-</strong></span> 
     </span>
     <span class='ocr_line' id='line_1_4' title="bbox 206 553 1494 639; baseline 0.002 -19"><span class='ocrx_word' id='word_1_11' title='bbox 206 556 380 622; x_wconf 67' lang='lat' dir='ltr'><strong>¹2luveuale</strong></span> <span class='ocrx_word' id='word_1_12' title='bbox 404 555 584 622; x_wconf 89' lang='lat' dir='ltr'><strong>amovendo</strong></span> <span class='ocrx_word' id='word_1_13' title='bbox 609 553 781 638; x_wconf 83' lang='lat' dir='ltr'><strong>cogitavit.</strong></span> <span class='ocrx_word' id='word_1_14' title='bbox 828 554 893 621; x_wconf 85' lang='lat' dir='ltr'><strong>Sed</strong></span> <span class='ocrx_word' id='word_1_15' title='bbox 929 575 1001 622; x_wconf 86' lang='lat' dir='ltr'><strong>oum</strong></span> <span class='ocrx_word' id='word_1_16' title='bbox 1025 553 1146 639; x_wconf 84' lang='lat' dir='ltr'><strong>virum,</strong></span> <span class='ocrx_word' id='word_1_17' title='bbox 1172 557 1226 637; x_wconf 89' lang='lat' dir='ltr'><strong>qui</strong></span> <span class='ocrx_word' id='word_1_18' title='bbox 1250 557 1389 623; x_wconf 82' lang='lat' dir='ltr'>Flamen</span> <span class='ocrx_word' id='word_1_19' title='bbox 1413 557 1494 624; x_wconf 90' lang='lat' dir='ltr'><strong>Divi</strong></span> 
     </span>
     <span class='ocr_line' id='line_1_5' title="bbox 212 672 1494 756; baseline -0.002 -15"><span class='ocrx_word' id='word_1_20' title='bbox 212 673 414 755; x_wconf 85' lang='lat' dir='ltr'>Vespasiani</span> <span class='ocrx_word' id='word_1_21' title='bbox 442 678 521 738; x_wconf 88' lang='lat' dir='ltr'><strong>tuno</strong></span> <span class='ocrx_word' id='word_1_22' title='bbox 550 672 708 754; x_wconf 86' lang='lat' dir='ltr'><strong>temporis</strong></span> <span class='ocrx_word' id='word_1_23' title='bbox 738 677 826 756; x_wconf 91' lang='lat' dir='ltr'><strong>erat,</strong></span> <span class='ocrx_word' id='word_1_24' title='bbox 856 672 987 755; x_wconf 80' lang='lat' dir='ltr'><strong>publice</strong></span> <span class='ocrx_word' id='word_1_25' title='bbox 1016 673 1132 754; x_wconf 90' lang='lat' dir='ltr'><strong>punire</strong></span> <span class='ocrx_word' id='word_1_26' title='bbox 1160 692 1225 738; x_wconf 92' lang='lat' dir='ltr'><strong>non</strong></span> <span class='ocrx_word' id='word_1_27' title='bbox 1250 673 1403 756; x_wconf 85' lang='lat' dir='ltr'><strong>auderet,</strong></span> <span class='ocrx_word' id='word_1_28' title='bbox 1434 691 1494 754; x_wconf 88' lang='lat' dir='ltr'><strong>per</strong></span> 
     </span>
     <span class='ocr_line' id='line_1_6' title="bbox 212 771 1494 876; baseline -0.001 -20"><span class='ocrx_word' id='word_1_29' title='bbox 212 790 367 856; x_wconf 88' lang='lat' dir='ltr'><strong>honorem</strong></span> <span class='ocrx_word' id='word_1_30' title='bbox 396 788 537 856; x_wconf 91' lang='lat' dir='ltr'><strong>militiae</strong></span> <span class='ocrx_word' id='word_1_31' title='bbox 570 787 728 854; x_wconf 81' lang='lat' dir='ltr'><strong>extremis</strong></span> <span class='ocrx_word' id='word_1_32' title='bbox 756 788 887 871; x_wconf 92' lang='lat' dir='ltr'><strong>imperii</strong></span> <span class='ocrx_word' id='word_1_33' title='bbox 917 789 968 854; x_wconf 92' lang='lat' dir='ltr'><strong>sui</strong></span> <span class='ocrx_word' id='word_1_34' title='bbox 992 789 1194 870; x_wconf 75' lang='lat' dir='ltr'><strong>temporibus</strong></span> <span class='ocrx_word' id='word_1_35' title='bbox 1218 771 1310 855; x_wconf 90' lang='lat' dir='ltr'><strong>misit</strong></span> <span class='ocrx_word' id='word_1_36' title='bbox 1333 789 1375 856; x_wconf 83' lang='lat' dir='ltr'><strong>ad</strong></span> <span class='ocrx_word' id='word_1_37' title='bbox 1399 809 1494 876; x_wconf 85' lang='lat' dir='ltr'><strong>prae·</strong></span> 
     </span>
     <span class='ocr_line' id='line_1_7' title="bbox 212 904 1494 1004; baseline -0.002 -32"><span class='ocrx_word' id='word_1_38' title='bbox 212 906 374 972; x_wconf 81' lang='lat' dir='ltr'><strong>lecturam</strong></span> <span class='ocrx_word' id='word_1_39' title='bbox 410 905 554 971; x_wconf 78' lang='lat' dir='ltr'><strong>cohortis</strong></span> <span class='ocrx_word' id='word_1_40' title='bbox 586 905 620 971; x_wconf 90' lang='lat' dir='ltr'><strong>in</strong></span> <span class='ocrx_word' id='word_1_41' title='bbox 654 909 803 1004; x_wconf 81' lang='lat' dir='ltr'><strong>extrema</strong></span> <span class='ocrx_word' id='word_1_42' title='bbox 836 904 988 990; x_wconf 81' lang='lat' dir='ltr'><strong>Aegypti</strong></span> <span class='ocrx_word' id='word_1_43' title='bbox 1022 911 1119 987; x_wconf 89' lang='lat' dir='ltr'><strong>parte</strong></span> <span class='ocrx_word' id='word_1_44' title='bbox 1155 905 1339 988; x_wconf 84' lang='lat' dir='ltr'><strong>tendentis,</strong></span> <span class='ocrx_word' id='word_1_45' title='bbox 1375 905 1422 971; x_wconf 93' lang='lat' dir='ltr'><strong>ibi</strong></span> <span class='ocrx_word' id='word_1_46' title='bbox 1455 910 1494 970; x_wconf 93' lang='lat' dir='ltr'><strong>ut</strong></span> 
     </span>
     <span class='ocr_line' id='line_1_8' title="bbox 212 1013 1493 1106; baseline 0.001 -19"><span class='ocrx_word' id='word_1_47' title='bbox 212 1021 455 1087; x_wconf 83' lang='lat' dir='ltr'><strong>interficeretur</strong></span> <span class='ocrx_word' id='word_1_48' title='bbox 478 1021 666 1088; x_wconf 74' lang='lat' dir='ltr'><strong>luvenalis,</strong></span> <span class='ocrx_word' id='word_1_49' title='bbox 712 1021 752 1086; x_wconf 84' lang='lat' dir='ltr'><strong>Id</strong></span> <span class='ocrx_word' id='word_1_50' title='bbox 777 1021 931 1104; x_wconf 83' lang='lat' dir='ltr'><strong>supplicii</strong></span> <span class='ocrx_word' id='word_1_51' title='bbox 954 1013 1058 1106; x_wconf 83' lang='lat' dir='ltr'><strong>genus</strong></span> <span class='ocrx_word' id='word_1_52' title='bbox 1082 1021 1217 1104; x_wconf 82' lang='lat' dir='ltr'><strong>placuit,</strong></span> <span class='ocrx_word' id='word_1_53' title='bbox 1241 1027 1279 1088; x_wconf 90' lang='lat' dir='ltr'><strong>ut</strong></span> <span class='ocrx_word' id='word_1_54' title='bbox 1302 1022 1370 1088; x_wconf 88' lang='lat' dir='ltr'><strong>levi</strong></span> <span class='ocrx_word' id='word_1_55' title='bbox 1394 1027 1493 1104; x_wconf 85' lang='lat' dir='ltr'><strong>atque</strong></span> 
     </span>
     <span class='ocr_line' id='line_1_9' title="bbox 211 1137 1492 1220; baseline 0 -15"><span class='ocrx_word' id='word_1_56' title='bbox 211 1138 351 1206; x_wconf 80' lang='lat' dir='ltr'><strong>ioculari</strong></span> <span class='ocrx_word' id='word_1_57' title='bbox 385 1137 507 1204; x_wconf 85' lang='lat' dir='ltr'><strong>delicto</strong></span> <span class='ocrx_word' id='word_1_58' title='bbox 545 1157 606 1220; x_wconf 87' lang='lat' dir='ltr'><strong>par</strong></span> <span class='ocrx_word' id='word_1_59' title='bbox 646 1143 744 1205; x_wconf 87' lang='lat' dir='ltr'><strong>esset.</strong></span> <span class='ocrx_word' id='word_1_60' title='bbox 803 1137 926 1206; x_wconf 87' lang='lat' dir='ltr'><strong>Verum</strong></span> <span class='ocrx_word' id='word_1_61' title='bbox 966 1139 1056 1205; x_wconf 89' lang='lat' dir='ltr'><strong>intra</strong></span> <span class='ocrx_word' id='word_1_62' title='bbox 1093 1137 1324 1205; x_wconf 86' lang='lat' dir='ltr'><strong>brevissimum</strong></span> <span class='ocrx_word' id='word_1_63' title='bbox 1363 1143 1492 1220; x_wconf 87' lang='lat' dir='ltr'><strong>tempus</strong></span> 
     </span>
     <span class='ocr_line' id='line_1_10' title="bbox 212 1253 1493 1338; baseline 0 -18"><span class='ocrx_word' id='word_1_64' title='bbox 212 1257 282 1325; x_wconf 78' lang='grc' dir='ltr'>θεὸς</span> <span class='ocrx_word' id='word_1_65' title='bbox 320 1255 406 1325; x_wconf 81' lang='grc' dir='ltr'>αὐτὸς</span> <span class='ocrx_word' id='word_1_66' title='bbox 441 1254 640 1321; x_wconf 84' lang='lat' dir='ltr'><strong>adscribitur</strong></span> <span class='ocrx_word' id='word_1_67' title='bbox 679 1253 828 1321; x_wconf 90' lang='lat' dir='ltr'><strong>divorum</strong></span> <span class='ocrx_word' id='word_1_68' title='bbox 868 1255 984 1338; x_wconf 81' lang='lat' dir='ltr'><strong>choro,</strong></span> <span class='ocrx_word' id='word_1_69' title='bbox 1035 1253 1281 1336; x_wconf 89' lang='lat' dir='ltr'><strong>revertiturque</strong></span> <span class='ocrx_word' id='word_1_70' title='bbox 1315 1253 1493 1321; x_wconf 77' lang='lat' dir='ltr'><strong>luvenalis</strong></span> 
     </span>
     <span class='ocr_line' id='line_1_11' title="bbox 175 1353 1492 1468; baseline -0.002 -32"><span class='ocrx_word' id='word_1_71' title='bbox 175 1353 178 1360; x_wconf 54' lang='grc'><strong>’</strong></span> <span class='ocrx_word' id='word_1_72' title='bbox 212 1372 349 1436; x_wconf 88' lang='lat' dir='ltr'><strong>Romam</strong></span> <span class='ocrx_word' id='word_1_73' title='bbox 385 1357 500 1453; x_wconf 87' lang='lat' dir='ltr'><strong>primis</strong></span> <span class='ocrx_word' id='word_1_74' title='bbox 537 1370 674 1436; x_wconf 80' lang='lat' dir='ltr'><strong>Traiani</strong></span> <span class='ocrx_word' id='word_1_75' title='bbox 709 1371 921 1468; x_wconf 78' lang='lat' dir='ltr'><strong>temporibus.</strong></span> <span class='ocrx_word' id='word_1_76' title='bbox 970 1369 1066 1436; x_wconf 91' lang='lat' dir='ltr'><strong>Omni</strong></span> <span class='ocrx_word' id='word_1_77' title='bbox 1097 1375 1135 1436; x_wconf 86' lang='lat' dir='ltr'><strong>ut</strong></span> <span class='ocrx_word' id='word_1_78' title='bbox 1163 1369 1240 1436; x_wconf 87' lang='lat' dir='ltr'><strong>exul</strong></span> <span class='ocrx_word' id='word_1_79' title='bbox 1269 1390 1306 1436; x_wconf 92' lang='lat' dir='ltr'><strong>re</strong></span> <span class='ocrx_word' id='word_1_80' title='bbox 1333 1368 1492 1437; x_wconf 86' lang='lat' dir='ltr'><strong>familiari</strong></span> 
     </span>
     <span class='ocr_line' id='line_1_12' title="bbox 212 1486 1491 1576; baseline 0.001 -25"><span class='ocrx_word' id='word_1_81' title='bbox 212 1487 362 1568; x_wconf 89' lang='lat' dir='ltr'><strong>privatus</strong></span> <span class='ocrx_word' id='word_1_82' title='bbox 391 1486 433 1553; x_wconf 87' lang='lat' dir='ltr'><strong>ad</strong></span> <span class='ocrx_word' id='word_1_83' title='bbox 462 1487 629 1554; x_wconf 83' lang='lat' dir='ltr'><strong>clientium</strong></span> <span class='ocrx_word' id='word_1_84' title='bbox 658 1487 788 1552; x_wconf 87' lang='lat' dir='ltr'><strong>turbam</strong></span> <span class='ocrx_word' id='word_1_85' title='bbox 819 1507 854 1552; x_wconf 91' lang='lat' dir='ltr'><strong>se</strong></span> <span class='ocrx_word' id='word_1_86' title='bbox 884 1489 1051 1570; x_wconf 84' lang='lat' dir='ltr'><strong>applicare</strong></span> <span class='ocrx_word' id='word_1_87' title='bbox 1084 1493 1219 1554; x_wconf 85' lang='lat' dir='ltr'><strong>coaetus</strong></span> <span class='ocrx_word' id='word_1_88' title='bbox 1249 1499 1301 1554; x_wconf 89' lang='lat' dir='ltr'><strong>est</strong></span> <span class='ocrx_word' id='word_1_89' title='bbox 1324 1488 1491 1576; x_wconf 86' lang='lat' dir='ltr'><strong>multaque</strong></span> 
     </span>
     <span class='ocr_line' id='line_1_13' title="bbox 210 1602 1492 1686; baseline 0 -18"><span class='ocrx_word' id='word_1_90' title='bbox 210 1603 315 1669; x_wconf 91' lang='lat' dir='ltr'><strong>libero</strong></span> <span class='ocrx_word' id='word_1_91' title='bbox 344 1602 475 1668; x_wconf 90' lang='lat' dir='ltr'><strong>homine</strong></span> <span class='ocrx_word' id='word_1_92' title='bbox 509 1603 645 1686; x_wconf 82' lang='lat' dir='ltr'><strong>indigna</strong></span> <span class='ocrx_word' id='word_1_93' title='bbox 674 1603 874 1686; x_wconf 88' lang='lat' dir='ltr'><strong>patiebatur.</strong></span> <span class='ocrx_word' id='word_1_94' title='bbox 927 1605 1047 1684; x_wconf 89' lang='lat' dir='ltr'><strong>Itaque</strong></span> <span class='ocrx_word' id='word_1_95' title='bbox 1077 1604 1187 1670; x_wconf 87' lang='lat' dir='ltr'><strong>taedio</strong></span> <span class='ocrx_word' id='word_1_96' title='bbox 1218 1604 1347 1671; x_wconf 89' lang='lat' dir='ltr'><strong>servitii</strong></span> <span class='ocrx_word' id='word_1_97' title='bbox 1374 1602 1492 1670; x_wconf 90' lang='lat' dir='ltr'><strong>urbani</strong></span> 
     </span>
     <span class='ocr_line' id='line_1_14' title="bbox 213 1719 1493 1802; baseline 0.002 -18"><span class='ocrx_word' id='word_1_98' title='bbox 213 1725 404 1802; x_wconf 66' lang='lat' dir='ltr'><strong>commotus</strong></span> <span class='ocrx_word' id='word_1_99' title='bbox 428 1725 466 1786; x_wconf 94' lang='lat' dir='ltr'><strong>ut</strong></span> <span class='ocrx_word' id='word_1_100' title='bbox 489 1721 641 1786; x_wconf 86' lang='lat' dir='ltr'><strong>tribunus</strong></span> <span class='ocrx_word' id='word_1_101' title='bbox 666 1719 811 1784; x_wconf 83' lang='lat' dir='ltr'><strong>cohortis</strong></span> <span class='ocrx_word' id='word_1_102' title='bbox 835 1720 853 1784; x_wconf 94' lang='grc' dir='ltr'>Ι</span> <span class='ocrx_word' id='word_1_103' title='bbox 877 1720 1105 1787; x_wconf 81' lang='lat' dir='ltr'><strong>Dalmatarum</strong></span> <span class='ocrx_word' id='word_1_104' title='bbox 1130 1721 1224 1786; x_wconf 88' lang='lat' dir='ltr'><strong>brevi</strong></span> <span class='ocrx_word' id='word_1_105' title='bbox 1248 1719 1418 1802; x_wconf 81' lang='lat' dir='ltr'><strong>profeotus</strong></span> <span class='ocrx_word' id='word_1_106' title='bbox 1441 1727 1493 1787; x_wconf 87' lang='lat' dir='ltr'><strong>est</strong></span> 
     </span>
     <span class='ocr_line' id='line_1_15' title="bbox 212 1835 1492 1918; baseline 0.001 -17"><span class='ocrx_word' id='word_1_107' title='bbox 212 1843 328 1901; x_wconf 86' lang='lat' dir='ltr'><strong>contra</strong></span> <span class='ocrx_word' id='word_1_108' title='bbox 362 1835 495 1917; x_wconf 85' lang='lat' dir='ltr'><strong>Sootos,</strong></span> <span class='ocrx_word' id='word_1_109' title='bbox 532 1836 588 1918; x_wconf 94' lang='lat' dir='ltr'><strong>qui</strong></span> <span class='ocrx_word' id='word_1_110' title='bbox 622 1835 742 1901; x_wconf 91' lang='lat' dir='ltr'><strong>bellum</strong></span> <span class='ocrx_word' id='word_1_111' title='bbox 777 1843 893 1901; x_wconf 85' lang='lat' dir='ltr'><strong>contra</strong></span> <span class='ocrx_word' id='word_1_112' title='bbox 923 1838 1089 1902; x_wconf 85' lang='lat' dir='ltr'><strong>Romanos</strong></span> <span class='ocrx_word' id='word_1_113' title='bbox 1118 1843 1300 1902; x_wconf 88' lang='lat' dir='ltr'><strong>moverant.</strong></span> <span class='ocrx_word' id='word_1_114' title='bbox 1354 1839 1492 1903; x_wconf 88' lang='lat' dir='ltr'><strong>Romam</strong></span> 
     </span>
     <span class='ocr_line' id='line_1_16' title="bbox 212 1951 1491 2033; baseline 0.002 -17"><span class='ocrx_word' id='word_1_115' title='bbox 212 1952 318 2018; x_wconf 86' lang='lat' dir='ltr'><strong>denuo</strong></span> <span class='ocrx_word' id='word_1_116' title='bbox 355 1952 444 2018; x_wconf 83' lang='lat' dir='ltr'><strong>circa</strong></span> <span class='ocrx_word' id='word_1_117' title='bbox 472 1971 547 2018; x_wconf 89' lang='lat' dir='ltr'><strong>ano.</strong></span> <span class='ocrx_word' id='word_1_118' title='bbox 573 1951 672 2021; x_wconf 85' lang='lat' dir='ltr'><strong>OVlI</strong></span> <span class='ocrx_word' id='word_1_119' title='bbox 702 1971 857 2019; x_wconf 89' lang='lat' dir='ltr'><strong>reversus</strong></span> <span class='ocrx_word' id='word_1_120' title='bbox 882 1952 996 2018; x_wconf 80' lang='lat' dir='ltr'><strong>Cereri</strong></span> <span class='ocrx_word' id='word_1_121' title='bbox 1027 1953 1195 2019; x_wconf 87' lang='lat' dir='ltr'><strong>Helvinae</strong></span> <span class='ocrx_word' id='word_1_122' title='bbox 1219 1951 1346 2033; x_wconf 89' lang='lat' dir='ltr'><strong>Aquini</strong></span> <span class='ocrx_word' id='word_1_123' title='bbox 1382 1953 1491 2020; x_wconf 90' lang='lat' dir='ltr'><strong>oultae</strong></span> 
     </span>
     <span class='ocr_line' id='line_1_17' title="bbox 210 2065 1490 2153; baseline 0.001 -20"><span class='ocrx_word' id='word_1_124' title='bbox 210 2073 452 2134; x_wconf 87' lang='lat' dir='ltr'><strong>mouumentum</strong></span> <span class='ocrx_word' id='word_1_125' title='bbox 488 2067 654 2150; x_wconf 89' lang='lat' dir='ltr'><strong>lapideum</strong></span> <span class='ocrx_word' id='word_1_126' title='bbox 688 2067 899 2136; x_wconf 82' lang='lat' dir='ltr'><strong>sacrificavit.</strong></span> <span class='ocrx_word' id='word_1_127' title='bbox 947 2065 1040 2151; x_wconf 78' lang='lat' dir='ltr'><strong>Quod</strong></span> <span class='ocrx_word' id='word_1_128' title='bbox 1081 2069 1171 2134; x_wconf 90' lang='lat' dir='ltr'><strong>vitae</strong></span> <span class='ocrx_word' id='word_1_129' title='bbox 1205 2067 1367 2148; x_wconf 92' lang='lat' dir='ltr'><strong>reliquum</strong></span> <span class='ocrx_word' id='word_1_130' title='bbox 1408 2075 1490 2153; x_wconf 88' lang='lat' dir='ltr'><strong>erat,</strong></span> 
     </span>
     <span class='ocr_line' id='line_1_18' title="bbox 210 2183 1490 2269; baseline 0.002 -20"><span class='ocrx_word' id='word_1_131' title='bbox 210 2203 313 2266; x_wconf 87' lang='lat' dir='ltr'><strong>prope</strong></span> <span class='ocrx_word' id='word_1_132' title='bbox 344 2185 481 2250; x_wconf 89' lang='lat' dir='ltr'><strong>Romam</strong></span> <span class='ocrx_word' id='word_1_133' title='bbox 511 2183 545 2249; x_wconf 90' lang='lat' dir='ltr'><strong>in</strong></span> <span class='ocrx_word' id='word_1_134' title='bbox 578 2184 673 2268; x_wconf 88' lang='lat' dir='ltr'><strong>villa,</strong></span> <span class='ocrx_word' id='word_1_135' title='bbox 710 2204 806 2266; x_wconf 91' lang='lat' dir='ltr'><strong>quam</strong></span> <span class='ocrx_word' id='word_1_136' title='bbox 836 2185 900 2251; x_wconf 89' lang='lat' dir='ltr'><strong>sibi</strong></span> <span class='ocrx_word' id='word_1_137' title='bbox 927 2189 1123 2268; x_wconf 82' lang='lat' dir='ltr'><strong>paraverat,</strong></span> <span class='ocrx_word' id='word_1_138' title='bbox 1159 2185 1289 2267; x_wconf 89' lang='lat' dir='ltr'><strong>plaoide</strong></span> <span class='ocrx_word' id='word_1_139' title='bbox 1317 2186 1490 2269; x_wconf 83' lang='lat' dir='ltr'><strong>transegit.</strong></span> 
     </span>
     <span class='ocr_line' id='line_1_19' title="bbox 211 2299 1492 2368; baseline -0.001 -2"><span class='ocrx_word' id='word_1_140' title='bbox 211 2299 309 2366; x_wconf 83' lang='lat' dir='ltr'><strong>Senio</strong></span> <span class='ocrx_word' id='word_1_141' title='bbox 343 2320 382 2367; x_wconf 86' lang='lat' dir='ltr'><strong>ao</strong></span> <span class='ocrx_word' id='word_1_142' title='bbox 417 2300 529 2367; x_wconf 84' lang='lat' dir='ltr'><strong>taedio</strong></span> <span class='ocrx_word' id='word_1_143' title='bbox 553 2300 644 2367; x_wconf 91' lang='lat' dir='ltr'><strong>vitae</strong></span> <span class='ocrx_word' id='word_1_144' title='bbox 669 2301 838 2366; x_wconf 80' lang='lat' dir='ltr'><strong>confectus</strong></span> <span class='ocrx_word' id='word_1_145' title='bbox 854 2321 939 2368; x_wconf 90' lang='lat' dir='ltr'><strong>anno</strong></span> <span class='ocrx_word' id='word_1_146' title='bbox 964 2303 1087 2368; x_wconf 85' lang='lat' dir='ltr'><strong>aetatis</strong></span> <span class='ocrx_word' id='word_1_147' title='bbox 1109 2321 1189 2367; x_wconf 88' lang='lat' dir='ltr'><strong>suae</strong></span> <span class='ocrx_word' id='word_1_148' title='bbox 1213 2301 1319 2368; x_wconf 88' lang='lat' dir='ltr'><strong>altero</strong></span> <span class='ocrx_word' id='word_1_149' title='bbox 1346 2306 1492 2366; x_wconf 78' lang='grc'><strong>616616-</strong></span> 
     </span>
     <span class='ocr_line' id='line_1_20' title="bbox 211 2403 1498 2500; baseline 0.001 -19"><span class='ocrx_word' id='word_1_150' title='bbox 211 2415 336 2499; x_wconf 87' lang='lat' dir='ltr'><strong>gesimo</strong></span> <span class='ocrx_word' id='word_1_151' title='bbox 360 2422 592 2498; x_wconf 83' lang='lat' dir='ltr'><strong>properantem</strong></span> <span class='ocrx_word' id='word_1_152' title='bbox 616 2415 769 2498; x_wconf 85' lang='lat' dir='ltr'><strong>spiritum</strong></span> <span class='ocrx_word' id='word_1_153' title='bbox 786 2436 857 2483; x_wconf 89' lang='lat' dir='ltr'><strong>oum</strong></span> <span class='ocrx_word' id='word_1_154' title='bbox 875 2419 959 2484; x_wconf 89' lang='lat' dir='ltr'><strong>tussi</strong></span> <span class='ocrx_word' id='word_1_155' title='bbox 975 2419 1129 2500; x_wconf 86' lang='lat' dir='ltr'><strong>exspuit·</strong></span> <span class='ocrx_word' id='word_1_156' title='bbox 1167 2419 1311 2484; x_wconf 87' lang='lat' dir='ltr'><strong>Uxorem</strong></span> <span class='ocrx_word' id='word_1_157' title='bbox 1326 2403 1498 2499; x_wconf 88' lang='lat' dir='ltr'><strong>nunquam</strong></span> 
     </span>
     <span class='ocr_line' id='line_1_21' title="bbox 211 2531 1491 2601; baseline -0.002 -3"><span class='ocrx_word' id='word_1_158' title='bbox 211 2532 345 2598; x_wconf 84' lang='lat' dir='ltr'><strong>duxisse</strong></span> <span class='ocrx_word' id='word_1_159' title='bbox 384 2532 526 2599; x_wconf 89' lang='lat' dir='ltr'><strong>videtur.</strong></span> <span class='ocrx_word' id='word_1_160' title='bbox 587 2531 833 2598; x_wconf 84' lang='lat' dir='ltr'><strong>Familiaritate</strong></span> <span class='ocrx_word' id='word_1_161' title='bbox 872 2534 1045 2601; x_wconf 89' lang='lat' dir='ltr'><strong>Martialis</strong></span> <span class='ocrx_word' id='word_1_162' title='bbox 1082 2536 1248 2600; x_wconf 86' lang='lat' dir='ltr'><strong>utebatur.</strong></span> <span class='ocrx_word' id='word_1_163' title='bbox 1311 2535 1353 2599; x_wconf 90' lang='lat' dir='ltr'><strong>In</strong></span> <span class='ocrx_word' id='word_1_164' title='bbox 1391 2533 1491 2599; x_wconf 84' lang='lat' dir='ltr'><strong>exilio</strong></span> 
     </span>
     <span class='ocr_line' id='line_1_22' title="bbox 210 2647 1491 2732; baseline 0 -18"><span class='ocrx_word' id='word_1_165' title='bbox 210 2647 385 2730; x_wconf 85' lang='lat' dir='ltr'><strong>ampliavit</strong></span> <span class='ocrx_word' id='word_1_166' title='bbox 423 2648 546 2716; x_wconf 87' lang='lat' dir='ltr'><strong>satiras</strong></span> <span class='ocrx_word' id='word_1_167' title='bbox 585 2655 619 2715; x_wconf 91' lang='lat' dir='ltr'><strong>et</strong></span> <span class='ocrx_word' id='word_1_168' title='bbox 653 2650 810 2730; x_wconf 89' lang='lat' dir='ltr'><strong>pleraque</strong></span> <span class='ocrx_word' id='word_1_169' title='bbox 845 2653 987 2716; x_wconf 89' lang='lat' dir='ltr'><strong>mutavit</strong></span> <span class='ocrx_word' id='word_1_170' title='bbox 1024 2651 1257 2732; x_wconf 86' lang='lat' dir='ltr'><strong>invehiturque</strong></span> <span class='ocrx_word' id='word_1_171' title='bbox 1293 2650 1327 2716; x_wconf 92' lang='lat' dir='ltr'><strong>in</strong></span> <span class='ocrx_word' id='word_1_172' title='bbox 1363 2651 1491 2715; x_wconf 80' lang='lat' dir='ltr'><strong>uiueres</strong></span> 
     </span>
     <span class='ocr_line' id='line_1_23' title="bbox 211 2761 430 2832; baseline 0 -2"><span class='ocrx_word' id='word_1_173' title='bbox 211 2761 430 2832; x_wconf 85' lang='lat' dir='ltr'><strong>Domitiani.“</strong></span> 
     </span>
    </p>
   </div>
   <div class='ocr_carea' id='block_1_4' title="bbox 676 3301 1028 3398">
    <p class='ocr_par' dir='ltr' id='par_1_4' title="bbox 676 3301 1028 3398">
     <span class='ocr_line' id='line_1_24' title="bbox 676 3301 1028 3398; baseline 0 -14"><span class='ocrx_word' id='word_1_174' title='bbox 676 3329 798 3385; x_wconf 73' lang='grc'><strong>6116616</strong></span> <span class='ocrx_word' id='word_1_175' title='bbox 818 3331 845 3385; x_wconf 86' lang='grc'><strong>61</strong></span> <span class='ocrx_word' id='word_1_176' title='bbox 864 3301 1028 3398; x_wconf 72' lang='lat' dir='ltr'><strong>confluentia</strong></span> 
     </span>
    </p>
   </div>
   <div class='ocr_carea' id='block_1_5' title="bbox 210 3425 1490 4481">
    <p class='ocr_par' dir='ltr' id='par_1_5' title="bbox 210 3425 647 3478">
     <span class='ocr_line' id='line_1_25' title="bbox 210 3425 647 3478; baseline 0.002 -12"><span class='ocrx_word' id='word_1_177' title='bbox 210 3425 270 3477; x_wconf 74' lang='lat' dir='ltr'>Pag.</span> <span class='ocrx_word' id='word_1_178' title='bbox 287 3425 409 3468; x_wconf 74' lang='grc'><strong>14111613</strong></span> <span class='ocrx_word' id='word_1_179' title='bbox 428 3427 494 3478; x_wconf 77' lang='lat' dir='ltr'><strong>lege:</strong></span> <span class='ocrx_word' id='word_1_180' title='bbox 518 3425 647 3478; x_wconf 80' lang='lat' dir='ltr'><strong>Borglresii</strong></span> 
     </span>
    </p>

    <p class='ocr_par' dir='ltr' id='par_1_6' title="bbox 238 3496 1490 3621">
     <span class='ocr_line' id='line_1_26' title="bbox 238 3496 1490 3558; baseline 0.002 -20"><span class='ocrx_word' id='word_1_181' title='bbox 238 3527 250 3549; x_wconf 84' lang='lat'><strong>„</strong></span> <span class='ocrx_word' id='word_1_182' title='bbox 288 3499 313 3538; x_wconf 83' lang='lat'><strong>15</strong></span> <span class='ocrx_word' id='word_1_183' title='bbox 328 3507 383 3538; x_wconf 86' lang='lat' dir='ltr'><strong>ann.</strong></span> <span class='ocrx_word' id='word_1_184' title='bbox 400 3501 411 3538; x_wconf 82' lang='lat'>7</span> <span class='ocrx_word' id='word_1_185' title='bbox 427 3498 500 3558; x_wconf 78' lang='lat' dir='ltr'><strong>adde:</strong></span> <span class='ocrx_word' id='word_1_186' title='bbox 518 3496 553 3540; x_wconf 80' lang='lat' dir='ltr'><strong>Ol.</strong></span> <span class='ocrx_word' id='word_1_187' title='bbox 570 3499 595 3539; x_wconf 79' lang='lat' dir='ltr'><strong>F.</strong></span> <span class='ocrx_word' id='word_1_188' title='bbox 612 3497 698 3552; x_wconf 80' lang='lat' dir='ltr'><strong>Weiss,</strong></span> <span class='ocrx_word' id='word_1_189' title='bbox 722 3497 1242 3550; x_wconf 60' lang='grc'><strong>(1611611611(16111666611666611666661.</strong></span> <span class='ocrx_word' id='word_1_190' title='bbox 1271 3498 1413 3552; x_wconf 70' lang='lat' dir='ltr'><strong>stockem,</strong></span> <span class='ocrx_word' id='word_1_191' title='bbox 1431 3501 1490 3546; x_wconf 79' lang='grc'><strong>1882,</strong></span> 
     </span>
     <span class='ocr_line' id='line_1_27' title="bbox 517 3572 637 3621; baseline 0.017 -11"><span class='ocrx_word' id='word_1_192' title='bbox 517 3580 539 3621; x_wconf 92' lang='lat' dir='ltr'><strong>p.</strong></span> <span class='ocrx_word' id='word_1_193' title='bbox 551 3572 637 3612; x_wconf 78' lang='grc'><strong>24-25,</strong></span> 
     </span>
    </p>

    <p class='ocr_par' dir='ltr' id='par_1_7' title="bbox 238 3640 608 3694">
     <span class='ocr_line' id='line_1_28' title="bbox 238 3640 608 3694; baseline 0 -12"><span class='ocrx_word' id='word_1_194' title='bbox 238 3671 250 3694; x_wconf 79' lang='lat'>„</span> <span class='ocrx_word' id='word_1_195' title='bbox 287 3640 369 3682; x_wconf 83' lang='grc'><strong>16116.</strong></span> <span class='ocrx_word' id='word_1_196' title='bbox 385 3641 492 3692; x_wconf 61' lang='grc'><strong>2316361</strong></span> <span class='ocrx_word' id='word_1_197' title='bbox 514 3641 608 3684; x_wconf 88' lang='lat' dir='ltr'><strong>obrem</strong></span> 
     </span>
    </p>

    <p class='ocr_par' dir='ltr' id='par_1_8' title="bbox 237 3712 655 3765">
     <span class='ocr_line' id='line_1_29' title="bbox 237 3712 655 3765; baseline 0 -11"><span class='ocrx_word' id='word_1_198' title='bbox 237 3743 249 3763; x_wconf 81' lang='lat'><em>„</em></span> <span class='ocrx_word' id='word_1_199' title='bbox 287 3717 312 3754; x_wconf 85' lang='grc'><strong>16</strong></span> <span class='ocrx_word' id='word_1_200' title='bbox 340 3743 352 3764; x_wconf 85' lang='grc'><strong>,,</strong></span> <span class='ocrx_word' id='word_1_201' title='bbox 385 3716 411 3754; x_wconf 85' lang='grc'><strong>28</strong></span> <span class='ocrx_word' id='word_1_202' title='bbox 452 3743 464 3765; x_wconf 86' lang='lat'><strong>„</strong></span> <span class='ocrx_word' id='word_1_203' title='bbox 513 3712 655 3765; x_wconf 80' lang='lat' dir='ltr'><strong>viscoribus,</strong></span> 
     </span>
    </p>

    <p class='ocr_par' dir='ltr' id='par_1_9' title="bbox 237 3787 576 3838">
     <span class='ocr_line' id='line_1_30' title="bbox 237 3787 576 3838; baseline 0 -12"><span class='ocrx_word' id='word_1_204' title='bbox 237 3815 249 3834; x_wconf 82' lang='grc'><strong>.,</strong></span> <span class='ocrx_word' id='word_1_205' title='bbox 286 3787 312 3826; x_wconf 84' lang='grc'><strong>26</strong></span> <span class='ocrx_word' id='word_1_206' title='bbox 340 3814 352 3836; x_wconf 79' lang='grc'><strong>,.</strong></span> <span class='ocrx_word' id='word_1_207' title='bbox 399 3789 408 3824; x_wconf 91' lang='grc'><strong>1</strong></span> <span class='ocrx_word' id='word_1_208' title='bbox 452 3815 463 3835; x_wconf 85' lang='lat'>„</span> <span class='ocrx_word' id='word_1_209' title='bbox 511 3795 576 3838; x_wconf 82' lang='lat' dir='ltr'><strong>vero,</strong></span> 
     </span>
    </p>

    <p class='ocr_par' dir='ltr' id='par_1_10' title="bbox 237 3856 606 3910">
     <span class='ocr_line' id='line_1_31' title="bbox 237 3856 606 3910; baseline 0.005 -14"><span class='ocrx_word' id='word_1_210' title='bbox 237 3886 249 3906; x_wconf 84' lang='grc'><strong>,,</strong></span> <span class='ocrx_word' id='word_1_211' title='bbox 286 3858 311 3897; x_wconf 89' lang='grc'><strong>25</strong></span> <span class='ocrx_word' id='word_1_212' title='bbox 339 3885 351 3908; x_wconf 79' lang='lat'><em>„</em></span> <span class='ocrx_word' id='word_1_213' title='bbox 398 3860 409 3897; x_wconf 77' lang='lat' dir='ltr'><strong>t</strong></span> <span class='ocrx_word' id='word_1_214' title='bbox 452 3886 463 3907; x_wconf 82' lang='lat'><strong>„</strong></span> <span class='ocrx_word' id='word_1_215' title='bbox 512 3856 606 3910; x_wconf 83' lang='lat' dir='ltr'><strong>Daoioi,</strong></span> 
     </span>
    </p>

    <p class='ocr_par' dir='ltr' id='par_1_11' title="bbox 237 3925 656 3979">
     <span class='ocr_line' id='line_1_32' title="bbox 237 3925 656 3979; baseline 0.007 -13"><span class='ocrx_word' id='word_1_216' title='bbox 237 3956 249 3978; x_wconf 76' lang='lat'><strong>„</strong></span> <span class='ocrx_word' id='word_1_217' title='bbox 287 3929 312 3967; x_wconf 83' lang='grc'><strong>27</strong></span> <span class='ocrx_word' id='word_1_218' title='bbox 341 3957 353 3979; x_wconf 80' lang='lat'>„</span> <span class='ocrx_word' id='word_1_219' title='bbox 386 3931 411 3967; x_wconf 87' lang='lat' dir='ltr'><strong>lo</strong></span> <span class='ocrx_word' id='word_1_220' title='bbox 452 3957 464 3979; x_wconf 79' lang='lat'><em>„</em></span> <span class='ocrx_word' id='word_1_221' title='bbox 512 3925 656 3969; x_wconf 84' lang='lat' dir='ltr'><strong>Ruolrliana.</strong></span> 
     </span>
    </p>

    <p class='ocr_par' dir='ltr' id='par_1_12' title="bbox 237 3998 681 4050">
     <span class='ocr_line' id='line_1_33' title="bbox 237 3998 681 4050; baseline 0 -10"><span class='ocrx_word' id='word_1_222' title='bbox 237 4028 249 4048; x_wconf 80' lang='lat'><strong>„</strong></span> <span class='ocrx_word' id='word_1_223' title='bbox 286 4001 311 4040; x_wconf 76' lang='grc'><strong>52</strong></span> <span class='ocrx_word' id='word_1_224' title='bbox 340 4028 351 4050; x_wconf 82' lang='lat'>„</span> <span class='ocrx_word' id='word_1_225' title='bbox 398 4001 410 4039; x_wconf 88' lang='lat'>5</span> <span class='ocrx_word' id='word_1_226' title='bbox 453 4028 465 4050; x_wconf 81' lang='lat'><em>„</em></span> <span class='ocrx_word' id='word_1_227' title='bbox 514 3998 681 4050; x_wconf 81' lang='lat' dir='ltr'><strong>perfundebat.</strong></span> 
     </span>
    </p>

    <p class='ocr_par' dir='ltr' id='par_1_13' title="bbox 238 4051 626 4122">
     <span class='ocr_line' id='line_1_34' title="bbox 238 4051 626 4122; baseline 0 -10"><span class='ocrx_word' id='word_1_228' title='bbox 238 4099 250 4122; x_wconf 91' lang='lat'>„</span> <span class='ocrx_word' id='word_1_229' title='bbox 286 4074 313 4112; x_wconf 76' lang='grc'><strong>14</strong></span> <span class='ocrx_word' id='word_1_230' title='bbox 341 4100 352 4120; x_wconf 79' lang='grc'><strong>,.</strong></span> <span class='ocrx_word' id='word_1_231' title='bbox 385 4073 410 4111; x_wconf 81' lang='grc'><strong>11</strong></span> <span class='ocrx_word' id='word_1_232' title='bbox 452 4099 464 4120; x_wconf 83' lang='lat'><strong>„</strong></span> <span class='ocrx_word' id='word_1_233' title='bbox 515 4051 626 4119; x_wconf 75' lang='lat' dir='ltr'><strong>faeere⁰)</strong></span> 
     </span>
    </p>

    <p class='ocr_par' dir='ltr' id='par_1_14' title="bbox 237 4140 655 4194">
     <span class='ocr_line' id='line_1_35' title="bbox 237 4140 655 4194; baseline -0.005 -10"><span class='ocrx_word' id='word_1_234' title='bbox 237 4171 249 4194; x_wconf 81' lang='lat'><em>„</em></span> <span class='ocrx_word' id='word_1_235' title='bbox 286 4145 312 4184; x_wconf 86' lang='grc'><strong>36</strong></span> <span class='ocrx_word' id='word_1_236' title='bbox 340 4173 352 4193; x_wconf 85' lang='lat'><strong>„</strong></span> <span class='ocrx_word' id='word_1_237' title='bbox 452 4171 464 4192; x_wconf 81' lang='lat'><strong>„</strong></span> <span class='ocrx_word' id='word_1_238' title='bbox 512 4140 655 4183; x_wconf 84' lang='lat' dir='ltr'><strong>Voelkorius</strong></span> 
     </span>
    </p>

    <p class='ocr_par' dir='ltr' id='par_1_15' title="bbox 237 4213 603 4266">
     <span class='ocr_line' id='line_1_36' title="bbox 237 4213 603 4266; baseline 0 -11"><span class='ocrx_word' id='word_1_239' title='bbox 237 4244 249 4266; x_wconf 80' lang='lat'>„</span> <span class='ocrx_word' id='word_1_240' title='bbox 285 4217 312 4255; x_wconf 78' lang='grc' dir='ltr'><strong>4ο</strong></span> <span class='ocrx_word' id='word_1_241' title='bbox 339 4244 351 4266; x_wconf 79' lang='lat'><strong>„</strong></span> <span class='ocrx_word' id='word_1_242' title='bbox 451 4243 463 4266; x_wconf 85' lang='lat'><strong>„</strong></span> <span class='ocrx_word' id='word_1_243' title='bbox 514 4213 603 4255; x_wconf 82' lang='lat' dir='ltr'><strong>ideireo</strong></span> 
     </span>
    </p>

    <p class='ocr_par' dir='ltr' id='par_1_16' title="bbox 237 4283 648 4338">
     <span class='ocr_line' id='line_1_37' title="bbox 237 4283 648 4338; baseline 0.002 -12"><span class='ocrx_word' id='word_1_244' title='bbox 237 4315 249 4338; x_wconf 75' lang='lat'><strong>„</strong></span> <span class='ocrx_word' id='word_1_245' title='bbox 286 4289 311 4327; x_wconf 92' lang='grc'><strong>51</strong></span> <span class='ocrx_word' id='word_1_246' title='bbox 341 4316 352 4338; x_wconf 79' lang='lat'><strong>„</strong></span> <span class='ocrx_word' id='word_1_247' title='bbox 385 4291 390 4308; x_wconf 89' lang='lat'>‘</span> <span class='ocrx_word' id='word_1_248' title='bbox 431 4293 464 4336; x_wconf 79' lang='grc'><strong>·.,</strong></span> <span class='ocrx_word' id='word_1_249' title='bbox 512 4283 648 4337; x_wconf 82' lang='lat' dir='ltr'><strong>applicasse</strong></span> 
     </span>
    </p>

    <p class='ocr_par' dir='ltr' id='par_1_17' title="bbox 237 4356 653 4410">
     <span class='ocr_line' id='line_1_38' title="bbox 237 4356 653 4410; baseline 0 -12"><span class='ocrx_word' id='word_1_250' title='bbox 237 4387 249 4410; x_wconf 83' lang='lat'><em>„</em></span> <span class='ocrx_word' id='word_1_251' title='bbox 286 4359 311 4398; x_wconf 91' lang='grc'><strong>52</strong></span> <span class='ocrx_word' id='word_1_252' title='bbox 339 4387 351 4409; x_wconf 80' lang='grc'><strong>,,</strong></span> <span class='ocrx_word' id='word_1_253' title='bbox 397 4385 402 4398; x_wconf 83' lang='grc'><strong>.</strong></span> <span class='ocrx_word' id='word_1_254' title='bbox 450 4387 462 4408; x_wconf 86' lang='lat'><strong>„</strong></span> <span class='ocrx_word' id='word_1_255' title='bbox 512 4356 653 4398; x_wconf 80' lang='lat' dir='ltr'><strong>manumisit</strong></span> 
     </span>
    </p>

    <p class='ocr_par' dir='ltr' id='par_1_18' title="bbox 238 4428 808 4481">
     <span class='ocr_line' id='line_1_39' title="bbox 238 4428 808 4481; baseline -0.002 -11"><span class='ocrx_word' id='word_1_256' title='bbox 238 4459 249 4481; x_wconf 86' lang='grc'><strong>,,</strong></span> <span class='ocrx_word' id='word_1_257' title='bbox 286 4431 311 4470; x_wconf 77' lang='lat' dir='ltr'><strong>at</strong></span> <span class='ocrx_word' id='word_1_258' title='bbox 340 4459 352 4480; x_wconf 83' lang='grc'><strong>,.</strong></span> <span class='ocrx_word' id='word_1_259' title='bbox 384 4455 389 4469; x_wconf 88' lang='grc'><strong>.</strong></span> <span class='ocrx_word' id='word_1_260' title='bbox 452 4459 464 4481; x_wconf 83' lang='lat'><em>„</em></span> <span class='ocrx_word' id='word_1_261' title='bbox 511 4428 572 4470; x_wconf 87' lang='lat' dir='ltr'><strong>Plin.</strong></span> <span class='ocrx_word' id='word_1_262' title='bbox 589 4429 618 4470; x_wconf 88' lang='lat' dir='ltr'><strong>H.</strong></span> <span class='ocrx_word' id='word_1_263' title='bbox 634 4429 663 4470; x_wconf 79' lang='lat' dir='ltr'><strong>N.</strong></span> <span class='ocrx_word' id='word_1_264' title='bbox 679 4429 711 4478; x_wconf 88' lang='lat' dir='ltr'><strong>II,</strong></span> <span class='ocrx_word' id='word_1_265' title='bbox 725 4432 759 4470; x_wconf 83' lang='lat'><strong>41.</strong></span> <span class='ocrx_word' id='word_1_266' title='bbox 775 4430 808 4470; x_wconf 81' lang='lat'><strong>73.</strong></span> 
     </span>
    </p>
   </div>
   <div class='ocr_carea' id='block_1_6' title="bbox 740 4565 1010 4580">
    <p class='ocr_par' dir='ltr' id='par_1_19' title="bbox 740 4565 1010 4580">
     <span class='ocr_line' id='line_1_40' title="bbox 740 4565 1010 4580; baseline 0 -2"><span class='ocrx_word' id='word_1_267' title='bbox 740 4566 766 4579; x_wconf 62' lang='grc' dir='ltr'><strong>Λ,</strong></span> <span class='ocrx_word' id='word_1_268' title='bbox 772 4565 923 4579; x_wconf 54' lang='grc' dir='ltr'>κΛΛΛΛΛΛΛκ</span> <span class='ocrx_word' id='word_1_269' title='bbox 929 4565 1010 4580; x_wconf 50' lang='grc' dir='ltr'><strong>ΧΑιΧΛΙ·</strong></span> 
     </span>
    </p>
   </div>
   <div class='ocr_carea' id='block_1_7' title="bbox 0 0 1732 5064">
    <p class='ocr_par' dir='ltr' id='par_1_20' title="bbox 0 0 1732 5064">
     <span class='ocr_line' id='line_1_41' title="bbox 0 0 1732 5064; baseline 0 1"><span class='ocrx_word' id='word_1_270' title='bbox 0 0 1732 5064; x_wconf 95' lang='lat' dir='ltr'><strong> </strong></span> 
     </span>
    </p>
   </div>
  </div>
 </body>
</html>
