3456 5064
277 605 595 672 munificentissimus
611 607 799 675 considerat
821 609 978 695 singulos
1004 619 1038 678 et
1060 614 1151 680 acuit
1174 615 1216 681 ad
1233 619 1440 698 praeclarum
1464 605 1555 689 labo·

275 747 353 809 rem,
382 725 529 806 nihilque
555 727 656 792 habet
683 727 840 811 optatiuS,
874 748 970 808 quam
1001 735 1039 796 nt
1068 731 1195 813 aliquos
1228 736 1376 817 reperiat
1408 739 1553 824 idoneos,

274 842 308 910 in
333 842 450 924 quibus
474 841 721 908 remunerandis
745 863 836 910 suam
860 844 1094 912 liberalitatem
1120 856 1251 929 promat
1265 846 1297 934 ¹).
1345 854 1464 934 Itaque
1494 876 1556 923 nec

274 958 421 1025 modicae
456 963 533 1026 sunt
566 957 681 1024 laudes
716 958 902 1042 luvenalis,
938 980 999 1026 nec
1033 962 1122 1042 ipsos
1155 963 1231 1031 illos
1267 986 1399 1052 versae,
1436 971 1555 1050 quibus

274 1075 457 1141 Domitiani
486 1078 667 1156 temporum
695 1074 845 1154 nequitia
876 1077 1047 1158 perspicue
1076 1082 1264 1163 notabatur,
1295 1082 1327 1148 in
1353 1104 1389 1152 se
1413 1088 1554 1169 scriptos

274 1212 347 1258 esse
377 1191 542 1272 Traianus
571 1191 722 1272 accipere
751 1187 905 1275 potuita.
955 1194 1010 1259 Ad
1039 1195 1187 1277 Pyladen
1223 1199 1433 1267 redeundum.
1481 1201 1554 1286 Quo

273 1309 345 1376 loco
373 1309 454 1376 illud
487 1309 625 1391 primum
654 1309 982 1376 animadvertendum
1017 1318 1078 1393 est,
1112 1313 1197 1394 quod
1230 1315 1371 1382 nominis
1404 1319 1552 1404 Pyladis,

272 1445 366 1509 quern
400 1426 548 1492 nonnulli
582 1445 641 1507 per
676 1426 741 1492 vim
776 1444 834 1507 pro
869 1425 994 1493 Paride
1032 1429 1215 1494 Domitiani
1255 1433 1475 1517 substituunt,
1511 1453 1553 1501 ne

272 1542 418 1626 vestigia
433 1541 562 1624 quidem
587 1543 621 1608 in
644 1541 790 1623 antiquis
806 1561 914 1608 rerum
929 1543 954 1608 J
957 1542 1226 1610 uvenalianaram
1244 1545 1390 1614 fontibus
1407 1555 1551 1618 exstant.

271 1660 455 1726 Praeterea
492 1658 713 1741 pantomimus
752 1658 897 1740 Pylades
937 1677 1001 1724 non
1042 1679 1080 1726 eo
1119 1645 1234 1728 favore
1274 1669 1308 1729 et
1330 1665 1554 1750 ‚indulgentia

271 1775 410 1843 Traiani
433 1777 600 1858 utebatur,
626 1793 691 1855 qna
714 1774 764 1839 illi
789 1774 953 1840 notissimi
970 1776 1110 1842 Parides
1128 1777 1272 1845 Neronis
1297 1785 1332 1846 et
1355 1783 1549 1850 Domitiani.

242 1886 364 1977 'Quod
389 1892 506 1958 Dionis
529 1889 718 1957 testimonio
752 1892 993 1975 conrprobatur,
1028 1892 1081 1974 qui
1116 1894 1255 1976 Pyladis
1289 1905 1426 1982 propter
1457 1899 1552 1967 ludos

128 2013 133 2022 '
223 2086 228 2095 ¹
270 2010 356 2074 bello
391 2007 516 2074 Dacico
556 2006 706 2072 coniecto
737 2027 758 2072 a
791 2007 935 2072 Traiano
970 2007 1143 2074 institutos
1178 2011 1376 2080 mentionem
1413 2009 1566 2100 iacit⁴);‘

269 2125 367 2190 aliter
399 2144 439 2189 ne
472 2143 589 2189 nomen
621 2122 749 2204 quidem
785 2124 978 2203 pantomimi
1011 2123 1051 2190 ad
1086 2145 1146 2190 nos
1180 2129 1379 2208 perveniret.
1439 2127 1550 2222 Adde,

269 2242 355 2324 quod
379 2241 484 2306 satira
507 2238 657 2320 septima,
681 2244 719 2304 ut
742 2239 830 2305 iuter
853 2257 964 2306 omnes
988 2239 1058 2306 iere
1082 2247 1225 2326 constat,
1251 2251 1328 2312 ame
1350 2245 1550 2328 triumphum

378 2462 401 2530 ¹)
428 2461 497 2514 lbid.
523 2479 547 2516 v.
580 2459 700 2512 20-21:
738 2459 812 2526 „Hoc
837 2462 924 2531 agite,
951 2476 967 2513 ο
993 2463 1121 2515 iuvenes!
1154 2465 1341 2535 circumspicit
1372 2469 1400 2519 et
1423 2467 1551 2522 stimulet

269 2568 319 2605 voe
338 2552 537 2619 Materiemque
557 2550 610 2604 subi
631 2550 708 2602 ducis
728 2550 901 2619 indulgentia
921 2543 1059 2620 qnaerit!“

375 2642 399 2708 2)
427 2639 459 2696 Ο.
472 2639 606 2707 Ribbeck,
625 2641 653 2692 in
667 2642 752 2709 praes.
772 2640 837 2691 edit.
847 2640 945 2692 laven.
966 2641 1076 2710 p.X11:
1107 2645 1170 2708 „vix
1190 2659 1221 2695 ac
1241 2659 1275 2695 ne
1295 2646 1342 2700 vix
1356 2645 1467 2713 quidem
1492 2665 1549 2702 crc-

261 2723 331 2784 ¹dere
350 2747 474 2801 possum,
494 2731 537 2783 vel
550 2735 662 2800 poetam
682 2731 710 2782 in
725 2723 823 2782 eodem
838 2732 968 2800 carmine,
989 2746 1043 2800 qno
1057 2734 1189 2802 principis
1210 2749 1277 2803 erga
1290 2737 1440 2806 scriptores
1459 2737 1549 2790 indul-

266 2823 389 2891 gentiam
409 2825 489 2890 grato
508 2821 602 2871 animo
628 2819 775 2887 extulerat,
801 2819 925 2872 eiusdem
952 2820 1031 2872 aulae
1057 2837 1157 2890 pravas
1182 2823 1309 2876 licentias
1333 2829 1361 2878 et
1385 2824 1550 2894 largitiones

260 2911 445 2966 ,acerbissime
465 2911 666 2979 castigaturum
686 2910 772 2972 luisse
792 2909 835 2960 vel
855 2911 1007 2980 principem
1027 2910 1274 2964 clementissimum
1299 2919 1422 2986 propter·
1437 2915 1548 2980 Pyladis
1629 2983 1633 2988 Ι

266 3003 361 3055 nescio
381 3017 463 3070 quem
483 3015 615 3067 amorem,
642 3014 723 3067 quem
749 3000 825 3068 tangi
851 3001 1009 3069 suspicatus
1034 3001 1078 3069 sit,
1103 3001 1326 3054 crudelissimum
1350 3001 1419 3058 lllud
1445 3004 1549 3073 suppli·

266 3093 339 3144 cium
357 3091 557 3158 excogitasse.“

260 3187 264 3194 '
372 3179 396 3248 ³)
421 3180 506 3232 Recte
535 3177 680 3230 Weberius
710 3171 776 3244 (Die
804 3177 913 3230 Satiren
943 3177 990 3230 des
1018 3178 1169 3247 luvenalis,
1198 3178 1286 3248 Helle,
1316 3179 1398 3250 1838)
1427 3199 1454 3252 p.
1480 3179 1547 3234 229:

266 3270 418 3337 ,Traianus
438 3269 523 3323 liebte
543 3269 623 3320 einen
638 3267 829 3319 Pantomimen
844 3267 970 3334 Pylades,
989 3267 1060 3320 arach
1080 3284 1139 3320 war
1158 3284 1188 3320 cr
1207 3267 1270 3321 dem
1284 3269 1396 3326 Trunak
1416 3271 1546 3341 ergebem,

265 3360 321 3413 und
339 3362 383 3412 eiu
404 3358 585 3428 j'ebzorniger
608 3356 698 3409 llann.
740 3356 833 3408 Allein
859 3357 935 3408 seiae
958 3355 1058 3408 Fcbler
1082 3357 1166 3410 iibten
1190 3357 1241 3410 aurs
1262 3359 1337 3410 scine
1360 3358 1546 3430 Regierungs-

263 3452 347 3504 weise
366 3451 468 3502 keinen
481 3447 614 3500 Einssuss:
635 3463 665 3499 er
684 3450 788 3498 wrrsste
808 3447 849 3498 sic
868 3445 1008 3498 mbnnlieb
1022 3463 1055 3498 zu
1075 3445 1271 3516 beherrschcn,
1290 3448 1347 3502 und
1366 3463 1396 3504 es
1415 3449 1451 3502 ist
1469 3448 1547 3501 nieht

264 3538 505 3606 walrrscheinlich‚
525 3537 589 3590 dass
614 3538 689 3590 seiae
713 3535 909 3588 Schwachheit
932 3551 1020 3605 gegcn
1047 3537 1127 3588 einen
1153 3535 1398 3591 Biihnenhtinstler
1422 3554 1453 3594 so
1478 3542 1546 3592 weit

263 3645 409 3699 gegangen
429 3629 478 3696 sei,
498 3627 562 3680 dass
582 3642 613 3679 er
631 3626 688 3678 ihm
704 3627 769 3694 jene
789 3625 942 3694 hllgewnlt
965 3625 1161 3694 nachgesehen
1181 3626 1266 3695 hatte,
1294 3627 1400 3680 welche
1426 3627 1545 3682 Juvenal
1653 3621 1656 3628 ’

262 3735 305 3790 au¹
318 3718 370 3770 den
390 3717 468 3770 Paris
487 3719 561 3785 rilgt.
598 3715 680 3767 Hbtte
700 3715 760 3782 also
779 3718 934 3784 genennter
952 3713 1052 3788 Kaiser
1071 3714 1130 3768 sich
1150 3715 1221 3767 euch
1244 3715 1331 3768 durch
1355 3717 1418 3772 eine
1442 3733 1543 3788 angen-

262 3807 411 3861 blickliehe
431 3805 613 3874 Aulwallung
632 3819 663 3857 eo
689 3806 756 3858 weit
779 3804 935 3856 hinreissen
961 3804 1053 3856 lassen
1079 3805 1200 3874 hbunen,
1226 3805 1290 3857 dass
1314 3821 1344 3857 er
1367 3805 1419 3860 den
1444 3805 1544 3860 Schera

262 3898 338 3954 eines
358 3895 488 3948 Dichters
507 3896 558 3946 mit
577 3895 653 3946 einer
673 3894 816 3947 schweren
831 3893 1059 3962 Crimineletrsle,
1078 3894 1143 3964 und,
1163 3893 1397 3965 wohlzumerlrcn,
1417 3896 1468 3951 aral
1483 3898 1543 3948 eine

262 3986 374 4039 boshall
391 3984 546 4037 verbliimte
567 3985 668 4054 Weise,
693 3989 774 4037 anter
800 3984 978 4037 scheinberer
1002 3983 1270 4053 Ehrenbezeugung,
1293 3984 1434 4053 geehudct
1458 3985 1543 4054 hacce,

260 4091 291 4128 so
311 4079 385 4128 wilre
405 4079 463 4127 eret
481 4091 514 4125 zu
534 4075 678 4142 erweisen,
698 4074 762 4128 dass
782 4073 831 4125 der
850 4088 914 4125 vom
933 4072 1047 4126 Dichter
1066 4074 1250 4143 engedeutete
1269 4074 1330 4126 Fall
1349 4075 1476 4130 wirklich
1496 4075 1547 4128 eorl

260 4163 545 4218 Traienserhbltnisse
565 4167 680 4232 gepaeet
697 4163 778 4215 habe.
816 4163 914 4216 Dieser
933 4163 1041 4215 Beweis
1060 4163 1098 4215 ist
1117 4163 1194 4215 nicht
1212 4180 1244 4215 au
1264 4163 1389 4216 l'dhren.“

365 4269 390 4338 ⁴)
419 4271 472 4324 Dio
497 4269 574 4324 Cass.
594 4270 715 4341 LXVllI,
741 4269 774 4323 10
797 4274 811 4336 5
830 4270 859 4323 2:
880 4255 1044 4343 ,,Τραιανὸς
1066 4258 1099 4321 δὲ
1121 4259 1157 4321 τά
1171 4282 1202 4321 τε
1218 4259 1363 4342 νικητήρια
1379 4257 1471 4342 ἤγαγε
1493 4259 1541 4324 καὶ

258 4365 381 4436 Δαναὸς
415 4366 620 4451 ἐπωνομάσθη,
654 4362 684 4428 ἔν
716 4389 748 4430 τε
779 4372 821 4452 τῷ
854 4366 971 4451 θεάτρῳ
1004 4367 1190 4450 μονομάχους
1222 4364 1375 4450 συνέβαλε,
1407 4367 1455 4428 καὶ
1486 4365 1539 4452 γὰρ

258 4471 374 4559 ἔχαιρεν
404 4473 500 4543 αὐτοῖς
527 4475 575 4537 καὶ
602 4474 670 4542 τοὺς
693 4473 836 4558 ὀρχηστὰς
865 4474 895 4542 ἐς
918 4475 950 4536 τὸ
981 4472 1101 4558 θέατρον
1125 4473 1303 4557 ἐπανήγαγε,
1326 4473 1373 4535 καὶ
1397 4472 1451 4557 γὰρ
1475 4473 1541 4542 ἑνὸς

258 4580 355 4646 αὐτῶν
378 4585 429 4645 τοῦ
452 4580 588 4645 natata
611 4579 698 4665 ἤρα.“
