3456 5064
821 349 860 406 37

199 554 422 640 Quintiliano,
452 560 489 622 ut
512 555 689 622 satirarum
715 555 870 640 scriptor,
895 556 949 638 qui
975 556 1074 640 „olim
1098 555 1351 632 nominabitu1·“‚
1382 565 1479 625 notus

199 692 271 740 esse
295 672 414 754 potuit.
462 673 528 740 Sed
551 673 628 754 quid
658 692 778 740 causae
808 678 874 757 est,
904 693 962 740 eur
985 672 1212 758 Quintilianus
1236 679 1352 756 aperte
1375 677 1478 743 Juve-

197 790 305 856 ualem
329 810 393 856 nou
418 789 661 858 nominaverit?
697 789 863 856 Nimirum
887 788 936 872 id,
971 789 1056 871 quod
1086 796 1186 871 poeta
1213 796 1292 856 tuno
1321 791 1478 872 temporis

199 907 307 972 odium
324 907 527 988 permoverit
542 906 736 990 Domitiani,
761 907 814 972 eui
830 904 1066 990 Quintilianus
1084 911 1122 972 ut
1137 907 1312 973 liberorum
1330 908 1479 974 (111111111-
1533 981 1536 988 ,

198 1023 251 1105 tis,
276 1021 460 1088 Domitiani
483 1023 659 1106 patruelis,
684 1029 881 1104 praeceptor
893 1019 931 1105 ¹),
956 1023 1054 1104 plane
1078 1023 1210 1088 deditus
1234 1029 1317 1090 erat.
1366 1025 1479 1091 Aliter

197 1159 260 1222 res,
285 1147 322 1205 ut
345 1139 469 1222 opinor,
495 1139 558 1207 iam
583 1145 762 1222 propterea
778 1139 938 1221 explicari
961 1139 1085 1222 nequit,
1110 1139 1195 1221 quod
1212 1140 1236 1204 J
1240 1141 1390 1206 uveualis
1412 1142 1478 1206 iam

198 1260 265 1320 tum
295 1254 358 1323 sibi
387 1255 520 1338 aliquod
550 1275 666 1322 nomen
698 1255 832 1340 ingenio
856 1275 913 1322 suo
938 1255 1154 1337 comparavit.
1202 1254 1295 1340 Quae
1327 1276 1400 1322 eum
1428 1258 1478 1325 ita

197 1371 277 1454 siut,
306 1391 369 1437 non
400 1377 455 1438 est
483 1372 569 1453 quod
593 1373 793 1439 Juvenalem
825 1372 984 1439 extremis
1008 1373 1191 1440 Domitiani
1216 1374 1417 1455 temporibus
1443 1374 1477 1440 in

197 1488 329 1553 exilium
353 1488 485 1554 missum
510 1506 677 1571 negemus.

303 1604 401 1669 Nune
423 1603 465 1669 ad
486 1623 535 1686 ea,
560 1625 644 1686 quae
668 1605 1476 1690 1111111111,11111111111111111111111
1566 1681 1568 1684 ,

197 1720 237 1786 de
265 1720 432 1787 Juvenale
463 1719 648 1787 Domitiani
678 1720 880 1803 temporibus
913 1723 1008 1809 exule
1041 1721 1131 1787 diota
1164 1728 1254 1804 sunt,
1288 1742 1475 1807 pergamus,

302 1837 577 1922 Syuuerbergius,
595 1838 719 1903 duobus
737 1836 814 1902 libri
838 1837 971 1919 septimi
993 1839 1243 1922 epigrammatis
1268 1839 1437 1905 Martialis
1449 1835 1474 1923 2)

196 1956 221 2020 J
223 1956 393 2021 uveualem
416 1955 476 2019 sub
493 1953 685 2020 Domitiano
702 1954 828 2020 Romae
844 1959 1012 2021 versatum
1037 1974 1109 2020 esse
1133 1955 1267 2036 probari
1283 1955 1428 2022 affirmat
1435 1953 1474 2040 ³).

197 2070 318 2136 Audio.
366 2071 529 2136 Attamen
553 2069 843 2154 Friedlaeuderus,
884 2069 937 2134 oui
953 2069 1218 2154 Syunerbergius
1242 2071 1339 2152 plane
1364 2092 1475 2138 asseu-

196 2180 327 2269 tit-ur⁴),
353 2186 527 2268 septimum
552 2185 722 2252 Martialis
745 2186 863 2252 librum
888 2205 973 2252 anno
991 2192 1032 2252 93
1051 2187 1206 2268 seriptum
1230 2207 1302 2254 esse
1326 2187 1422 2253 docet
1435 2184 1473 2273 ⁵).

196 2300 423 2368 Domitianum
449 2321 527 2370 vero
552 2322 580 2368 a.
605 2301 635 2366 d.
660 2302 752 2370 XIV
777 2302 857 2368 Kal.
875 2303 949 2369 Oet.
967 2309 1008 2368 96
1033 2322 1109 2368 auu.
1134 2302 1277 2369 occisum
1302 2325 1375 2371 esse
1399 2305 1480 2371 eon?

195 2424 265 2484 stat
278 2416 313 2502 ⁶).
361 2418 457 2486 Nihil
490 2418 594 2502 igitur
626 2418 783 2501 impedit,
817 2420 988 2502 quorninus
1021 2419 1154 2486 exilium
1178 2421 1356 2487 Juvenalis
1386 2421 1476 2488 111111

77 2569 81 2576 -
195 2553 298 2600 anuos
328 2541 368 2600 93
403 2540 438 2600 et
471 2541 511 2601 96
545 2555 713 2616 ponamus,
762 2536 994 2602 Dubitaliones
1026 2557 1106 2603 vero
1134 2531 1407 2620 Synnerbergii⁷l
1441 2545 1475 2604 et

194 2651 341 2718 Straokii
354 2648 390 2734 ⁸),
415 2658 482 2718 tam
499 2652 606 2719 levem
623 2671 771 2735 poenam,
796 2672 892 2734 quam
905 2653 1082 2720 «luvenalis
1100 2652 1294 2720 sustinuisse
1310 2655 1474 2736 putandus

195 2773 255 2849 est,
280 2787 300 2832 a
325 2766 509 2834 Domitiani
533 2769 676 2834 moribus
699 2769 770 2851 ipso
795 2769 853 2834 illo
878 2775 1025 2850 tempore
1049 2769 1092 2836 ad
1116 2789 1274 2836 summam
1298 2771 1474 2838 saevitiam

194 2884 348 2964 propensi
364 2884 551 2967 abhorrere,
576 2885 698 2951 nullius
716 2885 785 2951 fere
802 2885 958 2950 momenti
975 2903 1127 2951 essenon
1145 2885 1297 2966 estquod
1314 2905 1472 2952 moneam.

193 2998 281 3064 Nam
305 3001 481 3067 Juvenalis
513 3020 578 3067 nou
614 3000 697 3068 aleo
728 3001 933 3082 periculosus
956 3001 1149 3067 Domitiano
1174 3001 1386 3069 adversarius
1410 3001 1475 3068 fuit

193 3121 230 3181 ut
252 3115 422 3183 Arulenus
452 3117 609 3184 Rusticus
638 3118 691 3186 vel
721 3118 911 3184 Herennius
940 3117 1078 3184 Senecio
1107 3137 1167 3184 neo
1197 3117 1370 3200 quiequam
1402 3119 1470 3184 tale

194 3231 367 3315 commisit,
393 3253 452 3300 eur
468 3239 584 3316 morte,
610 3235 786 3317 „brevibus
802 3233 927 3318 Gyaris
948 3234 1002 3300 vel
1027 3231 1181 3300 careere“
1195 3231 1219 3318 9)
1244 3235 1362 3318 diguus
1378 3236 1475 3302 habe-

193 3355 292 3415 retur.
335 3350 410 3416 Nee
425 3351 755 3432 praetermittendum
777 3357 838 3435 est,
863 3353 888 3417 J
890 3352 1073 3436 uveualem,
1098 3351 1216 3419 utiam
1234 3372 1333 3435 supra
1349 3351 1473 3417 monui-

194 3485 360 3493 -—-—

302 3554 324 3620 ¹)
353 3554 504 3626 Hermann,
522 3555 563 3607 De
581 3561 630 3608 sat.
650 3560 715 3625 sept.
735 3559 817 3626 temp.
836 3573 862 3626 p.
885 3555 925 3608 14.
945 3585 979 3595 —
997 3555 1179 3626 Synnerberg,
1198 3573 1224 3625 p.
1244 3557 1286 3608 75.

300 3645 323 3702 ²1
352 3645 445 3715 Epigr.
466 3644 606 3697 241191.

298 3731 323 3801 ³)
350 3735 391 3786 De
410 3734 584 3804 temporibus,
603 3751 629 3804 p.
648 3734 691 3786 85.

298 3822 308 3855 ⁴
351 3823 418 3877 lbid.

302 3915 313 3947 ⁵
354 3914 394 3966 De
413 3913 582 3984 temporibus
601 3912 695 3966 libror.
715 3914 857 3983 Martialis,
875 3931 901 3982 p.
921 3914 964 3966 10.

299 4002 310 4035 ⁶
351 4004 424 4056 Suet.
444 4003 523 4056 Dom.
543 4020 564 4055 e.
584 4003 627 4054 17.
647 4033 678 4044 -
700 4003 798 4073 Imhof,
817 4003 835 4055 l.
855 4003 873 4055 l.
892 4021 918 4074 p.
940 4004 1001 4056 124.

299 4092 309 4124 ⁷
350 4095 410 4146 Loo.
429 4093 503 4145 laud.

298 4181 310 4216 ⁸
350 4183 391 4235 De
410 4183 503 4252 exilio,
522 4199 548 4252 p.
568 4183 610 4234 22.

298 4270 323 4339 ⁹)
342 4272 405 4324 ·Sat.
424 4273 446 4342 I,
466 4272 507 4324 73.
528 4302 563 4310 -
582 4270 695 4342 Gyaros,
714 4273 805 4324 insula
824 4273 907 4324 maris
926 4273 1022 4342 Aegei,
1041 4287 1098 4323 uua
1117 4287 1132 4323 e
1150 4270 1321 4340 Cycladibus,
1340 4271 1473 4340 graviori-

192 4361 243 4414 bus
260 4362 394 4414 destinata
413 4362 505 4414 exiliis
528 4365 615 4428 (nuno
632 4361 740 4429 Joura).
777 4362 839 4415 Vid.
858 4363 954 4431 Lewis,
981 4360 1124 4414 luvenalis
1143 4361 1242 4412 satirae
1261 4360 1329 4412 with
1346 4376 1364 4411 a
1382 4359 1473 4412 literal

192 4451 300 4521 english
322 4466 411 4521 prose¹
425 4451 588 4504 translation
612 4451 666 4503 and
684 4455 775 4521 notes,
803 4451 928 4522 London,
957 4450 1036 4520 1873,
1064 4467 1090 4519 p.
1109 4450 1161 4502 231
1182 4454 1208 4501 11
1227 4465 1319 4501 meum
1338 4463 1473 4502 sommen-

191 4542 294 4592 tarium
312 4540 347 4593 ad
364 4541 427 4593 Juv.
447 4541 522 4592 satir.
541 4542 661 4610 primam
679 4542 790 4611 (ffiypu.
810 4541 880 4593 Mus.
900 4540 969 4610 Hap.
989 4539 1040 4611 Ilp.
1061 4537 1131 4592 1815
1150 4538 1182 4591 N.
1202 4539 1233 4606 3)
1251 4555 1277 4608 p.
1296 4539 1339 4590 21.
