3456 5064
843 369 888 431 44

756 457 968 464 ’.-

225 579 310 645 unde
334 579 375 646 de
399 579 554 663 Traiano,
579 579 670 645 exilii
695 585 840 663 anctore,
870 579 1088 661 comperimus
1102 574 1136 661 ¹),
1166 579 1248 646 adeo
1273 579 1442 645 confusam
1465 599 1506 645 ac

224 697 453 776 perturbatam
489 715 576 780 esse,
616 701 654 761 ιιι
687 696 809 762 ceteris
840 696 955 764 multis
982 697 1016 762 in
1051 697 1149 762 rebus
1188 695 1417 777 postponenda
1450 695 1504 762 sit.

222 811 309 878 Nam
333 830 396 877 non
422 812 527 878 solum
551 812 755 896 singularum
779 832 888 879 rernm
905 813 1110 895 expositione
1134 813 1177 879 ab
1200 813 1276 878 aliis
1299 811 1419 896 differt,
1444 813 1501 879 sed

223 928 323 994 etiam
360 928 489 994 dicendi
523 948 645 1024 genere
680 948 776 1010 qnam
812 929 954 997 maxime
989 930 1243 1012 reprehensione
1278 929 1380 1013 digna
1414 937 1505 995 recte

223 1043 399 1111 iudicatur.
460 1045 517 1110 Ita
552 1044 647 1112 initio
685 1045 777 1112 vitae
816 1045 989 1129 singulari,
1028 1046 1131 1112 verbo
1169 1043 1504 1127 „pantlronimimum“

226 1159 430 1244 ollendimur,
461 1160 503 1227 ad
532 1161 627 1227 finem
652 1180 742 1246 vero,
773 1169 812 1228 nt
846 1163 1004 1228 nonnulla
1032 1162 1099 1228 alia
1132 1161 1218 1228 vitia
1246 1163 1396 1227 omittam
1406 1157 1444 1245 ²),
1468 1168 1507 1228 ιιι

226 1281 392 1342 consecut.
418 1296 488 1343 cum
513 1276 696 1344 indicativo
721 1278 927 1346 coniunctum
949 1278 1141 1360 reperimus.
1188 1278 1369 1344 Praeterea
1391 1283 1508 1343 auctor

223 1391 315 1460 vitae
337 1392 428 1460 aliud
452 1399 598 1460 erratum
622 1395 813 1476 committit,
836 1414 953 1460 nomen
977 1393 1063 1460 enim
1087 1393 1261 1460 histrionis
1283 1392 1427 1476 Paridis,
1452 1393 1507 1475 qui

224 1510 284 1575 sub
295 1510 430 1576 Nerone
454 1516 489 1577 et
500 1511 693 1578 Domitiano
717 1516 815 1577 notus
838 1511 912 1593 fuit,
937 1510 980 1578 ad
994 1509 1174 1576 Traianum
1198 1510 1383 1593 detorquet.
1431 1511 1507 1576 Neo

223 1625 556 1708 praetermittendum
597 1632 666 1711 est,
710 1629 795 1694 hanc
835 1628 939 1694 vitam
970 1645 1077 1692 none
1106 1627 1246 1708 quodam
1280 1626 1506 1708 antiquissimo

223 1741 317 1808 forte
339 1742 483 1826 fluxisse,
517 1744 617 1810 sede
645 1743 870 1827 praecedenti,
916 1763 999 1824 quae
1031 1743 1216 1809 Bodleiana
1257 1741 1388 1825 dicitur,
1420 1745 1507 1808 hunc

223 1857 374 1940 inprimis
405 1858 438 1924 iu
468 1860 595 1926 modum
627 1865 832 1926 contractam
861 1865 897 1924 et
929 1864 1087 1926 mutatam
1112 1878 1195 1943 esse,
1226 1864 1264 1925 nt
1287 1857 1415 1943 (omitto
1440 1859 1508 1926 alia

223 1994 245 2040 a
267 1975 511 2060 Synnerbergio
541 1974 724 2060 laudatar)
749 1977 893 2058 scriptor
916 1977 986 2043 eius
1009 1977 1106 2042 finem
1137 1977 1228 2044 vitae
1252 1969 1505 2059 Bodleianae⁴),

225 2109 319 2172 quem
343 2111 408 2160 non
430 2092 637 2161 intellexisse
660 2093 802 2176 videtur,
831 2093 865 2159 in
894 2092 965 2161 vita
998 2113 1059 2160 sua
1082 2093 1239 2175 omiserit,
1264 2092 1402 2159 Traiani
1426 2112 1506 2160 vero

225 2227 344 2275 nomen
373 2229 432 2292 pro
457 2207 643 2292 „tyranno“
666 2210 721 2278 vel
746 2207 1001 2292 „imperatore“,
1031 2214 1070 2276 ιιι
1097 2208 1130 2274 in
1159 2209 1345 2275 Bodleiano
1371 2208 1506 2293 legitur,

227 2329 353 2391 temere
376 2324 600 2392 substituerit.
647 2324 740 2410 Quae
764 2345 836 2392 cum
860 2326 910 2392 ita
932 2326 1015 2409 sint,
1044 2331 1213 2392 auctorem
1237 2325 1334 2392 huius
1357 2326 1449 2394 vitae
1472 2325 1506 2391 in

227 2441 428 2508 monasterio
453 2441 570 2509 Sancti
594 2441 781 2509 Salvatoris
810 2443 850 2508 de
876 2443 1025 2508 Bononia
1048 2437 1251 2526 repert-ae⁵),
1280 2461 1344 2508 non
1369 2441 1506 2539 sciolum

226 2558 388 2638 quendam
420 2557 648 2641 scholiastam,
682 2559 740 2624 sed
763 2558 902 2624 otiosum
928 2558 1027 2624 medii
1050 2557 1125 2625 aevi
1150 2558 1341 2625 monachum
1366 2555 1506 2640 fuisse⁶l

227 2667 354 2756 puto⁷l,
390 2694 507 2741 nomen
543 2694 622 2741 vero
657 2674 795 2742 Traiani
831 2696 851 2741 a
885 2674 1047 2756 scriptore
1081 2674 1173 2741 vitae
1208 2674 1259 2742 vel
1297 2695 1338 2740 ex
1376 2675 1506 2758 ingenio

226 2798 413 2876 arreptum,
447 2792 518 2876 vel,
550 2797 589 2858 ut
623 2791 815 2874 Stampinus
853 2793 1044 2858 Hermanno
1081 2787 1301 2874 praeeunte⁸)
1336 2789 1506 2872 conicit.⁹),

225 2989 547 3000 ——.——..-.

227 3123 418 3191 tradebantur,
437 3136 482 3174 res
502 3122 629 3175 conlecta
647 3122 743 3174 haberi
769 3121 851 3174 debet
870 3122 918 3187 (cl.
937 3120 1095 3189 Hermann,
1120 3121 1161 3172 De
1181 3124 1233 3172 sat.
1253 3124 1322 3188 sept.
1343 3124 1430 3188 temp.
1445 3135 1471 3188 p.
1490 3117 1507 3169 3

228 3219 256 3266 et
273 3212 299 3267 4.
337 3211 520 3282 Synnarberg,
540 3229 566 3282 p.
586 3211 701 3267 27-30.
738 3211 883 3280 Stampini,
901 3228 928 3280 p.
947 3210 1061 3266 31-33.
1099 3210 1207 3278 Straclr,
1226 3227 1253 3279 p.
1272 3207 1329 3275 21).

337 3303 358 3372 ¹)
387 3302 451 3354 Vita
470 3301 684 3372 Omniboniana,
704 3316 775 3370 quac
794 3301 903 3352 dicitur.

335 3392 359 3459 ²)
388 3391 572 3462 Synnerberg,
591 3409 618 3461 p.
637 3391 681 3444 41.

335 3481 359 3549 ³)
388 3483 417 3534 L.
436 3481 454 3534 l.
473 3499 500 3551 p.
518 3481 563 3534 41.

333 3571 358 3639 ⁴)
388 3571 456 3638 ,Sed
475 3577 567 3624 tamen
586 3571 671 3640 paulo
690 3575 764 3640 post,
787 3574 818 3622 ut
837 3571 921 3622 sciret
940 3569 992 3621 sibr
1011 3570 1113 3621 iratum
1139 3571 1301 3638 principem,
1325 3571 1352 3620 iu
1373 3568 1507 3620 codicillis

231 3663 289 3714 suls
309 3661 345 3714 ad
364 3677 428 3713 eum
447 3663 476 3712 in
495 3662 621 3712 exercitu
640 3660 785 3712 mittendis.
802 3660 931 3711 inseruit:
965 3663 1009 3725 ,et
1027 3663 1054 3710 te
1072 3658 1227 3710 Philomela
1245 3659 1409 3728 promovit.“

336 3751 360 3817 f’)
387 3750 469 3819 Jalm,
488 3749 506 3805 l.
525 3749 543 3801 l.
563 3767 589 3820 p.
609 3749 669 3805 389.

335 3839 359 3906 ⁶)
388 3839 539 3891 Auctorem
559 3841 631 3892 vitae
649 3840 861 3909 grammaticum
881 3853 953 3891 saec.
972 3837 1036 3890 XVI
1055 3836 1242 3890 Omnibonum
1261 3838 1448 3890 Leonicenum
1468 3837 1507 3901 (v.

229 3927 376 3998 Eclstein,
408 3927 608 3981 Nomenclator
630 3928 851 3998 plrilologorum,
886 3928 1011 3996 Leipzig,
1048 3926 1116 3978 1871
1140 3944 1166 3996 p.
1192 3926 1253 3996 330,
1277 3926 1342 3993 411)
1367 3941 1507 3978 essenon

228 4019 355 4086 potuisse
381 4017 463 4070 docet
486 4017 649 4088 Rupertius,
676 4019 705 4070 in
724 4016 789 4070 edit.
815 4016 872 4069 Sat.
894 4016 1008 4086 iuvem,
1036 4016 1182 4086 Augustae
1201 4015 1401 4083 Taurinorum,
1429 4014 1508 4083 1830,

229 4106 260 4159 T.
279 4107 300 4176 1,
317 4124 345 4177 p.
364 4106 458 4160 CXIX.

337 4195 361 4264 ⁷)
389 4197 422 4250 lu
445 4197 517 4250 hanc
541 4198 708 4249 sententiam
734 4197 892 4266 nuperrime
917 4198 968 4249 ivit
993 4196 1144 4250 Strsckius.
1167 4197 1197 4248 iu
1215 4195 1233 4248 l.
1252 4195 1270 4248 l.
1289 4211 1315 4265 p.
1335 4195 1382 4247 25:
1421 4194 1508 4261 „duras

230 4286 293 4339 illas
313 4287 385 4339 vitas
405 4286 573 4353 (Bodleiana
592 4289 620 4337 et
639 4283 801 4352 Omnibon.)
825 4285 963 4355 omnibus,
989 4301 1059 4358 quaa
1078 4290 1199 4354 exstant,
1222 4285 1345 4337 iuniores
1365 4299 1427 4336 esse
1446 4299 1508 4353 per·

231 4391 346 4428 suasum
364 4376 462 4444 habeo,
480 4376 645 4446 praesertim
665 4391 727 4427 cum
746 4375 775 4428 in
795 4375 936 4428 codicibus
955 4377 1066 4428 intimae
1085 4380 1168 4428 notae
1187 4375 1342 4445 legantur.“

337 4463 361 4532 Β)
388 4466 451 4518 Juv.
471 4465 513 4518 ed.
532 4466 618 4535 praei.
637 4481 664 4534 p.
684 4464 706 4516 V
727 4468 755 4518 et
774 4464 832 4518 VlI.

337 4553 565 4626 &Llpffi
