3456 5064
882 328 919 389 16

790 413 1003 422 ——.-

257 541 350 602 stans
379 535 464 602 deici
498 535 612 601 dolore
643 535 713 602 non'
737 537 846 618 debet,
881 555 942 602 nec
975 535 1211 617 vehementius,
1246 553 1342 615 quarn
1379 554 1433 601 res
1465 535 1539 616 ipsa

257 657 383 735 poscat,
408 652 573 718 afflictari.
620 653 751 718 Pudeat
774 659 817 736 te,
848 653 933 733 quod
958 651 1111 734 exiguum
1142 670 1181 717 ao
1210 650 1285 718 leve
1310 651 1430 716 malurn
1457 651 1538 718 tole-

257 789 333 836 rare
361 787 504 850 nequeas
535 773 571 834 et
598 767 738 834 furentis
770 768 803 834 in
837 788 958 834 rnorem
994 768 1217 834 excandescas
1250 769 1291 832 ob
1324 767 1474 834 fraudem
1505 775 1539 834 et

258 886 426 968 perfidiam
462 876 567 968 amici,
604 886 786 967 depositum
822 885 883 950 tibi
919 885 1056 950 reddere
1091 885 1257 967 negantis,
1293 863 1382 965 ¹quod
1423 891 1538 953 sancte

257 1001 505 1068 custodiendum
530 1003 572 1066 ab
596 1021 634 1068 eo
659 1007 694 1067 et
717 1002 917 1067 reddendum
951 1007 1033 1066 erat.
1088 1001 1144 1066 Aa
1167 1003 1228 1066 istu
1254 1002 1405 1082 oriretur,
1440 1002 1539 1088 urcio

256 1119 348 1184 dorso
371 1118 491 1183 dimisit
512 1139 617 1182 uanos
647 1139 827 1202 sexagenos,
859 1117 915 1183 ard
939 1117 1056 1184 Fontei
1081 1120 1247 1184 consulatu
1267 1117 1419 1201 penitius?
1452 1115 1536 1200 (vel:

257 1257 303 1301 uu
325 1235 477 1302 eirrsraodi
498 1235 591 1319 frons
604 1235 689 1299 miro
712 1235 813 1299 oiim
835 1234 922 1300 deba
935 1233 1058 1299 homini
1079 1257 1188 1300 remam
1200 1236 1304 1317 perito
1323 1240 1417 1317 atqie
1434 1256 1539 1300 aranos

256 1355 333 1416 auto
356 1349 569 1436 recogitatui).
625 1350 761 1415 Nihilne
785 1350 917 1416 tandem
943 1350 1088 1416 didicisti
1112 1369 1152 1416 ac
1176 1352 1348 1431 profecisti
1373 1351 1415 1417 ad
1442 1369 1538 1418 casus

257 1467 415 1534 adversos
438 1467 544 1534 levius
568 1466 737 1550 ferendos,
773 1473 840 1531 tarn
865 1467 966 1548 longa
989 1466 1195 1548 experientia
1209 1453 1257 1532 i“¹
1286 1468 1405 1547 Itaque
1429 1467 1539 1534 omnia

257 1584 339 1649 bene
364 1603 399 1649 se
421 1583 599 1665 habebunt,
630 1583 658 1648 si
687 1582 915 1665 interrogandi
939 1582 1082 1648 formant
1107 1583 1295 1649 retinueris
1353 1584 1538 1650 Praeterea

258 1718 401 1781 pronon.
428 1704 537 1765 neutr.
568 1697 704 1782 „haeo‘·',
739 1700 825 1781 quod
856 1720 876 1765 a
904 1701 1005 1764 verbo
1037 1699 1194 1784 „stupet“
1211 1696 1234 1782 ¹)
1264 1700 1395 1781 pendet,
1426 1699 1538 1764 eodeni

258 1815 420 1881 communi
437 1833 535 1880 sensu
550 1821 741 1897 usurpatum
760 1823 821 1899 est,
846 1835 908 1896 quo
931 1835 1030 1897 supra
1051 1834 1230 1897 pronomen
1247 1816 1390 1882 eiusdem
1409 1817 1539 1900 generis

259 1925 437 2014 ,‚quae“²),
472 1931 569 2012 quud,
600 1937 639 1995 ut
669 1952 686 1996 e
716 1933 817 1998 verbo
847 1929 1016 2014 „pateris“
1046 1938 1195 2014 apparet,
1230 1933 1272 1998 ad
1304 1933 1415 2000 omnia
1441 1933 1538 2016 mula,

258 2049 375 2129 quibus
400 2049 496 2114 obrut
482 2055 536 2114 tus
560 2054 613 2113 est
636 2047 806 2128 Calvinae,
830 2053 883 2113 ut:
915 2067 1050 2130 „recens
1075 2046 1215 2130 scelus“,
1241 2048 1343 2130 „fides
1368 2051 1409 2114 ub
1433 2048 1538 2114 armico

258 2159 405 2229 violata“
409 2215 416 2246 ,
443 2163 613 2245 „iacturae
637 2160 738 2228 ouus“
754 2160 788 2244 ³),
814 2163 969 2228 refertur.
1011 2164 1090 2228 dam
1108 2165 1136 2228 si
1152 2165 1390 2230 sententiarum
1408 2184 1536 2246 nexum,

158 2361 162 2372 ι
258 2280 313 2360 qui
337 2280 388 2345 his
413 2279 538 2346 (luobus
560 2279 711 2348 versibus
728 2279 926 2358 continetur,
953 2279 1149 2361 consideres,
1174 2281 1254 2345 lraec
1280 2281 1436 2346 lrabehis:
1462 2280 1537 2346 Cal·

257 2395 354 2463 vinus
378 2393 440 2461 noir
465 2396 567 2462 solurn
586 2395 768 2478 aegerrime
785 2396 864 2460 tulit
887 2415 1019 2478 „casum
1038 2415 1054 2460 e
1073 2397 1177 2461 medio
1194 2395 1346 2461 fortunae
1370 2387 1536 2477 acer·vo⁴),

259 2513 332 2595 sed,
368 2512 518 2594 quamvis
554 2512 799 2594 sexagenarius
839 2510 937 2578 valde
972 2512 1111 2577 miratus
1136 2517 1196 2593 est,
1237 2511 1416 2592 obstupuit,
1451 2510 1537 2590 quod

258 2630 382 2695 amicus
406 2628 547 2694 infidelis
581 2629 764 2709 depositum
801 2629 863 2694 sibi
899 2630 1090 2711 abnegaret.
1151 2628 1272 2708 Itaque
1297 2636 1332 2691 et
1354 2635 1470 2708 stupor
1503 2633 1537 2692 et

259 2751 413 2812 senectus
437 2766 508 2811 curn
526 2743 657 2811 Calvini
673 2744 862 2810 conditione
887 2753 965 2826 apte
986 2745 1238 2826 coniunguntur.
1280 2743 1441 2810 Juvenali
1459 2762 1536 2809 vero

259 2863 392 2928 minirna
416 2868 490 2928 erat
513 2881 615 2928 causa
639 2868 696 2927 aut
724 2862 831 2926 scelus
854 2861 995 2926 mirandi
1027 2869 1086 2926 aut
1109 2880 1212 2925 annos
1236 2861 1326 2926 vitae
1351 2879 1430 2926 suae
1454 2878 1538 2924 cour-

258 2983 318 3058 pu
304 2976 410 3058 andr
437 2998 508 3058 lpse
525 2997 610 3043 enrrn
628 2978 726 3043 confit
713 2984 811 3061 tetur,
829 2997 864 3044 se
882 2978 969 3044 haud
987 2997 1062 3044 raro
1080 2977 1238 3042 erusnrodr
1255 2997 1361 3058 res,
1340 2977 1536 3059 utfraudes,

259 3092 418 3159 violatam
442 3093 538 3158 fidem
564 3093 685 3159 similia
708 3084 878 3176 vidisset)
926 3093 1030 3178 Quam
1063 3095 1103 3160 ab
1132 3113 1199 3157 renr
1225 3093 1253 3158 si
1278 3098 1354 3158 ueta
1357 3099 1423 3161 tent
1447 3112 1536 3158 suanr

259 3211 425 3291 respicere
451 3211 562 3291 vellet,
600 3211 709 3291 potius
745 3211 785 3275 de
818 3210 1017 3276 adolescent
994 3217 1042 3274 tra
1066 3229 1135 3290 sua,
1173 3229 1270 3289 quarn
1305 3211 1344 3274 de
1368 3214 1518 3274 senectu

259 3327 320 3391 lroo
344 3326 414 3392 fere
430 3344 528 3391 sensu
546 3327 750 3407 loqueretur:
777 3325 887 3410 „Quid
903 3326 1041 3406 stupes?
1066 3327 1131 3391 ianr
1149 3326 1342 3392 adolescens
1358 3325 1444 3391 haud
1465 3345 1538 3391 raro

258 3442 337 3524 vidi,
372 3461 455 3524 qliae
479 3440 651 3524 patiaris.“
707 3442 789 3508 Inde
813 3442 970 3524 sequitur,
1006 3448 1043 3506 ut
1068 3448 1203 3524 „stupet
1225 3439 1367 3524 haec“⁸)
1402 3461 1465 3507 non
1496 3443 1537 3508 ad

258 3559 473 3641 Juvenalem,
509 3559 567 3623 sed
591 3559 633 3624 ad
656 3557 845 3640 Calvinum,
880 3558 935 3639 qui
965 3559 1053 3624 solus
1078 3559 1330 3641 „spumantibus
1363 3558 1461 3624 ardet
1491 3558 1540 3624 vi·

259 3668 465 3758 soeribus“⁷)
489 3674 696 3741 referendum
721 3671 811 3759 sit⁸).

368 3842 390 3908 ¹)

367 3931 391 3997 ²)

366 4018 390 4088 ³)
419 4021 480 4073 Vrs.
500 4020 570 4073 5-6
589 4021 660 4074 et8.

365 4107 390 4176 ⁴)

366 4199 389 4265 l)
419 4199 480 4251 Vrs.
500 4198 618 4251 8-9..
629 4215 741 4266 ..„nec
759 4217 822 4252 rora
841 4200 976 4268 videmus,
997 4199 1074 4265 Quae
1094 4201 1223 4270 pateris.“

365 4287 377 4320 u

366 4291 481 4408 ³)
419 4378 480 4430 Vrs.
501 4378 544 4430 14

366 4381 390 4534 ”i
417 4467 503 4520 Recte
527 4468 680 4538 Stroclrius,
715 4469 732 4522 l.
751 4468 770 4524 l
789 4485 815 4537 p.
834 4469 868 4520 31
889 4484 965 4520 ann:
1008 4469 1053 4534 ,Si
1079 4468 1108 4520 id
1136 4468 1210 4536 quod
1237 4468 1298 4519 vult
1322 4467 1422 4519 Friedl.
1447 4467 1542 4533 (Juve-

259 4556 346 4623 nalis)
366 4557 456 4610 dicere
476 4559 619 4628 voluisset,
637 4556 684 4609 hoc
703 4573 759 4609 non
777 4556 841 4609 leuce
861 4558 983 4610 scribere
1005 4557 1127 4610 debuit.“
