3456 5064
846 343 862 400 7

216 548 303 614 Nam
333 549 366 614 in
399 549 473 630 ipsa
501 549 669 616 Probiana
701 549 859 614 einsmodi
891 549 975 614 vitia
1009 554 1195 628 occurrunt,
1230 568 1313 629 quae
1346 550 1442 632 longe
1475 570 1495 615 a

217 682 298 730 sana
333 669 368 730 ιι
403 665 612 732 considerata
647 665 813 731 indicandi
847 666 977 731 ratione
1012 667 1128 730 abesse
1164 664 1351 731 videantur.
1418 664 1495 729 Hoc

217 780 310 846 vitae
333 781 407 846 finis
432 783 631 864 cornprobat,
661 782 694 847 in
725 801 787 862 quo
816 788 912 849 vetus
943 781 1122 848 scholiasta
1150 801 1269 846 anirum
1299 780 1391 846 exilii
1423 800 1495 846 cnm

217 917 312 979 anno,
339 917 400 977 quo
424 897 602 964 Juvenalis
626 917 810 978 supremum
836 899 965 962 obierat
988 897 1083 978 diem,
1103 895 1258 962 confudit.
1305 896 1372 960 Hic
1392 915 1493 976 error,

216 1012 256 1078 de
281 1032 343 1093 quo
367 1013 454 1078 infra
477 1015 609 1080 uberius
634 1010 787 1092 dicemus,
812 1013 898 1095 iude,
924 1013 988 1079 nisi
1020 987 1070 1078 me
1101 1011 1210 1077 omnia
1239 1011 1370 1092 fallunt,
1402 1017 1495 1077 ortus

216 1136 268 1194 est
272 1129 388 1211 ,quod
413 1149 539 1212 versus,
564 1135 661 1211 propt
664 1149 700 1194 er
724 1149 804 1210 quos
829 1129 959 1210 poeta
950 1149 984 1194 m
1010 1128 1143 1194 exilium
1168 1127 1289 1192 missus
1314 1132 1396 1208 erat,
1422 1147 1494 1208 per-

215 1265 328 1326 peram
353 1246 395 1311 ad
419 1245 514 1310 hist
473 1251 611 1311 trionem
637 1244 795 1328 ignotum,
821 1243 876 1325 qui
899 1250 993 1325 „eloi
1016 1249 1092 1309 ιιιιιι
1113 1241 1142 1323 (ι
1143 1243 1190 1314 )
1177 1265 1215 1308 ιιι
1235 1242 1493 1323 deliciisnotue‘2

215 1360 308 1427 vitae
343 1365 459 1427 auctor
493 1361 627 1427 rettulit
613 1357 673 1444 t'.)
734 1360 838 1446 Quam
875 1362 915 1426 ob
949 1381 1016 1425 rem
1052 1361 1113 1425 hoc
1149 1379 1341 1442 persuasum
1377 1360 1492 1442 haheo,

215 1483 362 1542 veterem
401 1476 560 1543 scholiast
546 1483 623 1560 tam,
660 1497 733 1542 cum
769 1478 828 1542 ιιι
804 1483 916 1542 tiniam
955 1477 1046 1543 vitae
1086 1483 1223 1558 partem,
1263 1495 1346 1556 quae
1382 1476 1493 1542 verbis

215 1598 472 1672 „crottanc—
497 1593 677 1658 ιιιιιιιιιιι“
701 1593 900 1675 continetur,
925 1591 1096 1674 scriberet,
1122 1598 1181 1658 aut
1208 1592 1354 1658 libellum
1383 1611 1494 1658 neees-

214 1709 335 1774 sarium
361 1709 401 1774 ad
433 1729 561 1774 manum
590 1727 654 1774 non
682 1709 845 1791 habuisse,
876 1713 934 1775 aut
963 1710 1050 1774 hunc
1076 1709 1183 1789 ipsum
1212 1707 1358 1774 libellum
1388 1709 1493 1773 minus

213 1831 304 1890 reete
343 1825 556 1890 consuluisse.
612 1825 727 1890 Prima
767 1844 845 1891 vero
884 1845 962 1906 pars
1001 1825 1092 1892 vitae
1131 1843 1195 1890 non
1235 1825 1339 1890 solum
1379 1823 1493 1890 ordine

214 1941 417 2006 narrationis
442 1939 563 2006 ceteris
588 1941 669 2006 satis
694 1945 853 2023 praestat,
879 1940 934 2006 sed
961 1939 1149 2014 etiamfide
1179 1959 1297 2024 rerum,
1328 1959 1411 2022 quae
1439 1941 1494 2008 vel

215 2061 332 2136 poetae
356 2055 467 2122 verbis
493 2057 547 2122 vel
571 2055 772 2122 testimoniis
802 2056 934 2122 aliunde
965 2057 1146 2137 desumptis
1177 2055 1259 2126 satis
1289 2056 1494 2137 comprobari

213 2175 360 2252 possunt.

319 2287 462 2370 Propius
487 2289 529 2355 ad
553 2288 754 2356 Probiauam
778 2289 944 2356 brevitate
969 2295 1069 2370 atque
1093 2288 1207 2354 ordine
1231 2307 1341 2354 rerum
1366 2290 1493 2370 exposi-

213 2410 321 2470 tarum
346 2405 417 2472 vita
440 2405 569 2470 accedit
593 2411 720 2488 quarta,
747 2425 842 2487 quam
869 2405 1050 2486 Rupertius
1074 2426 1092 2470 e
1117 2406 1228 2470 codice
1252 2405 1492 2486 Kulenlrampii

213 2520 328 2587 edidit.
376 2519 468 2605 Quae
494 2523 575 2588 adeo
600 2523 804 2589 aProbiana
828 2522 994 2604 abhorret,
1019 2527 1057 2588 ut
1080 2541 1121 2587 ex
1144 2521 1209 2586 alio
1233 2520 1324 2586 fonte
1341 2539 1492 2588 manasse

212 2637 374 2703 videatur.
414 2639 491 2704 Huc
507 2639 630 2704 indicia
648 2639 688 2704 de
705 2639 818 2720 patria
835 2640 860 2704 J
862 2638 1013 2704 nvenalis
1025 2633 1062 2721 ²),
1086 2639 1126 2703 de
1142 2643 1288 2718 tempore
1306 2641 1341 2702 et
1357 2643 1492 2703 auctore

213 2753 283 2820 eius
315 2754 406 2820 exilii
420 2753 464 2837 ι),
507 2757 546 2820 de
576 2757 690 2822 satiris
720 2764 839 2838 poetae
852 2750 895 2839 ⁴),
934 2756 973 2821 de
1004 2755 1219 2837 imperatore,
1256 2773 1318 2836 qno
1347 2755 1492 2821 decessit

213 2871 392 2937 Juvenalis
409 2867 445 2952 5),
470 2871 649 2953 pertinent.
696 2872 969 2955 Synnerbergius,
996 2871 1156 2954 originem
1181 2871 1322 2936 omnium
1347 2871 1490 2937 vitarum

212 2985 253 3050 ad
269 2987 469 3052 Probiauam
488 2988 683 3068 detorquere
706 2993 851 3070 conatus
876 2987 1201 3068 Knlenlrampianam
1225 2987 1266 3052 ad
1290 3005 1490 3052 communem

320 3181 342 3248 ¹)
373 3181 435 3233 Vita
458 3183 553 3234 Proh:
593 3198 760 3252 „paucorum
785 3197 917 3234 versuum
943 3185 1037 3247 satyra
1059 3196 1115 3233 non
1140 3181 1259 3232 absurde
1284 3182 1439 3249 composita
1462 3183 1490 3232 in

210 3271 336 3322 Paridem
368 3274 570 3340 pantomimum
602 3278 769 3342 postemque
805 3272 1005 3324 semenstribus
1041 3271 1176 3322 militinlis
1209 3272 1371 3322 emittanem
1401 3285 1490 3338 genus

211 3363 297 3430 script
300 3377 365 3413 urae
391 3362 526 3414 industrie
546 3363 684 3430 excoluit
714 3366 854 3413 ettamen
874 3361 943 3414 bene
969 3361 1015 3413 din
1035 3377 1069 3412 ne
1087 3361 1196 3412 modico
1222 3360 1333 3428 quidem
1352 3360 1490 3412 auditorio

212 3451 358 3517 quicquam
379 3453 552 3502 committere
572 3457 615 3503 est
634 3466 731 3521 ausus,
757 3465 825 3502 nrox
843 3467 945 3518 magna
963 3451 1120 3518 frequentia
1143 3453 1277 3516 tantoque
1297 3463 1428 3501 successu
1446 3449 1490 3501 bis

211 3543 259 3590 aut
278 3545 320 3590 ter
338 3540 449 3592 auditus
470 3545 525 3608 est,
549 3545 581 3592 nt
601 3557 634 3593 ea
653 3556 763 3609 quoque
783 3555 852 3607 quae
872 3541 962 3608 prima
986 3541 1090 3591 fecerat
1107 3540 1248 3590 inferciret
1266 3540 1345 3590 novis
1365 3539 1489 3607 seriptis:

212 3629 302 3697 ,quod
321 3644 376 3680 nou
396 3629 463 3681 dant
486 3645 629 3698 proceres,
655 3630 732 3682 dabit
751 3630 863 3681 histrio:
891 3634 920 3680 tu
946 3627 1106 3681 Camerinos
1126 3633 1154 3680 et
1174 3629 1285 3697 Bareas,
1305 3633 1334 3679 tu
1354 3628 1488 3680 nobilium

210 3734 311 3786 magna
338 3720 408 3769 atria
434 3721 532 3770 curas?
566 3720 721 3787 praefectos
745 3719 868 3787 Pelopea
890 3719 968 3786 facit,
992 3719 1147 3770 Philomela
1166 3718 1318 3773 tribunos.“
1345 3722 1405 3769 erat
1424 3722 1489 3769 tnnc

209 3809 237 3858 in
257 3807 363 3858 deliciis
383 3809 475 3875 aulae,
504 3808 640 3876 multique
659 3810 800 3860 fautorum
825 3809 885 3859 eius
906 3808 1042 3884 quottidie
1065 3806 1299 3876 provehebantur.
1323 3808 1399 3857 venit
1422 3821 1488 3874 ergo

208 3896 351 3948 ‚luvenalis
370 3899 398 3948 in
419 3899 616 3967 suspicionem,
637 3900 716 3966 quasi
735 3904 861 3966 tempora
879 3899 968 3966 figura
986 3901 1120 3959 notasset,
1134 3913 1166 3948 ac
1180 3898 1275 3948 statim
1292 3912 1342 3966 per
1354 3895 1489 3948 honorem
1522 3927 1527 3938 ·

209 3985 325 4038 militiae
339 4001 509 4054 quamquam
523 3989 718 4056 octogenarius
732 3987 799 4040 urbe
819 3993 975 4039 summotus
990 3992 1033 4038 est
1052 3987 1209 4054 missusque
1229 3987 1264 4038 ad
1285 3987 1489 4055 praefecturam

209 4075 330 4127 cohortis
349 4077 378 4126 in
398 4081 549 4128 extremam
568 4077 689 4146 Aegypti
707 4081 815 4146 partem
834 4077 999 4129 tendentis.“

316 4164 338 4230 ²)
370 4181 421 4229 „ex
441 4168 591 4235 municipio
611 4167 769 4234 Aquinati.“

315 4249 338 4318 ³)
369 4257 517 4318 „extremis
544 4255 699 4308 Domitiani
728 4257 900 4324 temporibus
935 4258 1037 4309 missus
1068 4257 1098 4308 in
1131 4256 1244 4307 exilium
1280 4258 1412 4323 expertus
1446 4256 1489 4304 est

208 4348 342 4410 quantum
363 4345 445 4396 nnius
464 4344 607 4397 histrionis
626 4347 668 4397 ira
687 4346 817 4398 valeret.“

313 4431 337 4499 ι)
368 4435 413 4499 „in
433 4435 517 4486 exilio
537 4435 681 4504 ampliavit
700 4439 808 4501 satyras
828 4440 855 4488 et
873 4437 1006 4506 pleraque
1025 4437 1167 4488 mutavit.“

314 4521 337 4590 ⁵)
368 4521 505 4589 „decessit
524 4523 609 4596 longo
630 4525 708 4576 senio
729 4525 869 4576 confectus
890 4525 955 4580 exul
975 4525 1117 4580 Antonino
1136 4525 1185 4576 Pio
1204 4524 1396 4594 imperatore.“
