3456 5064
877 338 895 397 6

252 552 290 612 61
314 545 475 612 Henuiuii
512 545 623 612 verbis
656 551 732 610 utar
744 541 776 630 ¹),
811 547 905 612 simul
939 565 1012 612 cum
1044 541 1245 628 codicibus²l
1279 531 1437 626 expressa
1469 545 1525 611 611.

248 663 374 729 Eadem
399 663 438 728 de
462 667 645 728 ceterarum
672 669 805 728 auctore
828 669 919 729 recte
943 662 1006 728 dici
1030 667 1178 744 possunt.

352 780 417 845 His
442 780 481 844 (16
505 778 634 862 origine
658 779 910 860 auctoribusque
935 776 1132 861 „Vitarum“
1169 779 1370 860 praemissis,
1407 784 1524 862 restat,

246 901 291 977 ut,
318 901 492 976 antequam
516 894 607 962 vitae
630 895 808 960 Juvenalis
831 902 980 976 tempora
1004 913 1174 977 exponam,
1200 913 1306 976 paura
1329 895 1526 960 devitarunt

245 1011 305 1094 (ide
329 1012 456 1078 addam.

351 1130 445 1194 Inter
469 1147 580 1194 omnes
603 1129 702 1211 vitas,
736 1147 818 1209 quas
841 1147 942 1210 supra
965 1129 1165 1210 enumeravi,
1191 1133 1281 1195 reete
1306 1128 1422 1210 prima,
1441 1147 1525 1208 quae

246 1245 344 1328 vulgo
369 1245 535 1310 Probiana
558 1244 689 1327 dicitur,
714 1243 942 1325 antiquissima
965 1243 1142 1310 iudicatur.
1184 1245 1233 1310 At
1256 1264 1451 1326 quamquam
1475 1245 1527 1310 ita

247 1379 300 1425 res
334 1379 406 1425 sese
437 1360 546 1441 habet,
580 1379 645 1425 non
674 1364 726 1425 est
758 1365 878 1444 tamen,
913 1361 997 1441 quod
1030 1360 1229 1426 Probianam
1265 1360 1368 1426 vitam
1402 1361 1523 1426 6616116

245 1476 428 1542 uberiorem
453 1475 633 1542 iudicemus
663 1475 926 1558 testimoniisque
956 1476 1027 1542 eius
1056 1478 1267 1559 praecipuam
1296 1477 1392 1542 fidem
1421 1477 1526 1542 tribu-

246 1611 348 1658 amus
396 1590 469 1676 Qua
491 1592 524 1657 iu
553 1612 589 1657 re
619 1593 679 1657 hoc
706 1591 846 1674 primum
876 1593 1047 1660 observari
1077 1594 1183 1676 debet,
1218 1594 1294 1658 huic
1324 1592 1415 1659 vitae
1443 1592 1528 1658 talia

246 1708 371 1790 deesse,
397 1727 481 1789 quae
505 1698 592 1774 haud
616 1707 712 1773 dubie
736 1708 770 1773 in
794 1707 1032 1790 antiquissimis
1056 1708 1123 1774 illis
1148 1728 1233 1775 saec.
1251 1711 1290 1774 Ι1
1306 1715 1341 1774 61
1357 1709 1414 1774 ΙΙΙ
1435 1709 1526 1776 vitae

245 1829 365 1905 poetae
389 1823 643 1906 narrationibus,
669 1825 709 1890 de
733 1823 849 1905 quibus
873 1843 974 1906 supra
997 1825 1148 1908 diximus,
1171 1825 1373 1891 exstiterint.
1413 1816 1527 1905 thue

247 1939 415 2006 silentium
440 1941 480 2005 de
498 1941 607 2020 patria
631 1940 818 2024 dorsualis,
844 1940 884 2006 de
908 1939 979 2006 eius
1004 1960 1088 2006 anno
1119 1940 1226 2007 natali
1255 1961 1294 2006 ac
1327 1941 1367 2006 de
1396 1941 1527 2007 nomine

245 2055 466 2138 imperatoris,
502 2056 594 2122 exilii
623 2057 767 2122 auctoris
796 2057 929 2122 missum
960 2057 1089 2140 faciam,
1119 2058 1181 2123 hoc
1208 2059 1402 2124 monendum
1434 2064 1526 2140 puto,

246 2173 346 2238 etiam
370 2191 571 2254 praenomen
596 2172 622 2237 J
624 2173 785 2256 61666116,
810 2172 904 2254 quod,
922 2178 959 2238 ut
974 2172 1104 2238 66111666
1119 2179 1294 2256 testantur,
1313 2175 1396 2240 satis
1413 2180 1542 2252 nutum,

244 2289 317 2371 luit,
348 2289 382 2353 in
414 2288 486 2355 vita
516 2288 708 2354 desiderari.
763 2289 814 2354 At
846 2289 993 2354 nonnulli
1026 2289 1202 2372 affirmant,
1235 2297 1405 2355 auctorem
1434 2289 1527 2356 vitae

244 2405 373 2470 ineerta
394 2423 452 2486 pro
476 2404 577 2471 certis
599 2406 730 2470 tradere
751 2404 904 2470 noluisse.
948 2403 1041 2488 Quae
1063 2410 1173 2470 tamen
1191 2405 1341 2471 incerta?
1381 2407 1528 2472 Praeno-

245 2541 317 2587 men
347 2521 525 2589 luvenalis
557 2518 743 2604 (Decimus)
776 2519 924 2586 codicum
958 2522 1020 2587 fide
1054 2521 1138 2587 satis
1168 2519 1366 2604 firmatur³),
1400 2523 1529 2588 Kulen-

244 2639 443 2719 kampianae
477 2657 567 2721 vero,
603 2656 687 2717 quae
720 2636 850 2720 dicitur,
885 2637 974 2704 vitae
1009 2636 1175 2718 scriptura
1211 2638 1262 2702 M.
1298 2657 1357 2718 pro
1395 2638 1435 2702 D.
1472 2639 1529 2705 vel
1559 2631 1568 2640 “

245 2755 364 2819 6616611
387 2755 483 2836 lapsu
508 2753 561 2819 vel
586 2773 698 2820 errore
724 2753 814 2819 vitae
838 2752 975 2819 editoris
1000 2753 1156 2835 Rupertii
1181 2753 1341 2834 explicari
1364 2748 1528 2837 potest⁴);

244 2891 320 2936 nam
351 2876 492 2952 quantas
523 2869 738 2935 difficultates
768 2869 913 2934 codicum
941 2869 1100 2934 lectiones
1133 2869 1297 2935 interdum
1332 2871 1526 2954 praebeant,

245 2987 475 3052 recentissimo
501 2985 634 3051 Ruehlii
659 2986 817 3067 exemplo,
842 2983 932 3052 vitae
956 2985 1132 3052 Juvenalis
1157 3005 1174 3048 e
1199 2986 1310 3050 codice
1340 2987 1527 3052 Harleiano

245 3102 391 3182 editoris,
417 3101 623 3182 comprobari
646 3095 798 3184 pensu).
846 3102 898 3166 De
922 3100 1034 3182 patria
1064 3101 1241 3168 Iuvenalis
1271 3101 1349 3167 item
1384 3102 1530 3169 dubitari

245 3238 310 3286 uon
334 3217 451 3298 potuit.
498 3219 621 3282 Eorum
652 3215 754 3282 etiam
779 3215 954 3298 sententia,
980 3217 1035 3297 qui
1060 3217 1100 3281 (16
1124 3217 1264 3298 quadam
1289 3217 1417 3301 critica,
1443 3237 1529 3298 quae

249 3334 383 3417 dieitur,
410 3333 582 3415 scriptoris
605 3332 697 3398 vitae
725 3333 852 3398 ratione
884 3333 1083 3415 cogitabant,
1113 3334 1192 3398 milri
1221 3334 1436 3415 improbanda
1464 3342 1527 3401 est.

354 3535 375 3600 ¹)
404 3535 436 3586 In
456 3536 513 3586 vita
531 3534 635 3586 Donati
655 3535 728 3604 apud
746 3534 837 3601 16116,
855 3535 918 3587 1111.
939 3536 981 3588 ed.
1000 3552 1027 3604 p.
1047 3535 1107 3588 388.

352 3623 375 3690 ²)
406 3623 526 3675 1611616
540 3626 602 3676 uita
621 3624 704 3677 Probi
724 3640 794 3692 quae
816 3625 924 3694 dicitur,
942 3642 969 3694 p.
989 3623 1055 3677 386:
1077 3626 1121 3690 „P.
1142 3627 1170 3676 in
1192 3627 1244 3677 fine
1263 3627 1420 3678 recentiore
1441 3641 1527 3677 1116611

246 3715 395 3782 ascriptam
414 3713 506 3765 habet.
545 3713 653 3766 Habent
672 3714 731 3766 cod.
746 3714 954 3766 Alexandrinus
974 3715 1039 3767 bibl.
1055 3714 1141 3767 Vatic.
1156 3715 1226 3767 2029
1246 3731 1318 3769 6666.
1332 3715 1365 3782 X,
1384 3714 1529 3767 Fauchetii

246 3813 312 3864 bibl.
333 3813 475 3865 Parisinae
495 3813 566 3864 8070
585 3828 657 3867 saec.
676 3813 723 3881 XI,
743 3813 1193 3882 11666666666661111611616116,
1213 3813 1292 3866 codd.
1311 3813 1439 3864 Vaticani
1459 3812 1530 3865 2810

246 3918 319 3953 6666.
339 3902 403 3953 XIII
423 3905 475 3971 (a),
494 3902 559 3954 Urb.
573 3901 626 3954 343
646 3902 717 3969 (11).“
755 3902 858 3953 Exstat
876 3907 1021 3970 praeterea
1039 3904 1068 3954 in
1088 3901 1146 3954 cod.
1167 3904 1256 3954 musei
1274 3903 1427 3954 Britannici
1439 3902 1530 3954 15600

245 4007 317 4043 6666.
343 3991 396 4060 IX,
429 3993 458 4042 in
484 3991 544 4042 cod.
563 3991 651 4060 Regio
678 3992 708 4043 15
729 3990 751 4041 B
771 3990 860 4042 XVIII
885 4006 957 4044 6666.
976 3991 1015 4042 XI
1040 3991 1135 4060 (Riihl,
1158 3991 1254 4044 Jahrb.
1280 3992 1297 4046 f.
1318 3991 1529 4058 61666.Ρ111161.,

246 4079 327 4149 1874,
346 4078 399 4130 109
417 4096 443 4148 p.
463 4078 537 4152 868).
872 4082 874 4086 ’

353 4167 377 4235 3)
406 4168 488 4223 Jahn.
507 4169 525 4220 l.
544 4169 562 4220 l.
582 4186 608 4238 p.
627 4168 671 4220 45.
691 4199 725 4207 -
745 4168 826 4236 Riihl,
845 4169 863 4220 I.
882 4169 900 4220 l.
921 4199 955 4208 --
980 4169 1170 4238 Syunerherg,
1198 4170 1216 4222 l.
1234 4169 1252 4221 1.
1272 4186 1298 4238 p.
1318 4168 1360 4224 33.
1381 4199 1415 4208 -
1435 4171 1528 4223 Weid-

156 4299 159 4304 .
244 4275 302 4328 ner,
321 4258 464 4311 Iuvenalis
485 4263 595 4311 66111166
615 4258 747 4328 (Leipzig,
766 4257 859 4324 1873).
879 4258 1047 4327 Einleituug,
1067 4263 1080 4324 ᾖ
1100 4257 1125 4316 6,

351 4347 375 4415 ⁴)
404 4348 485 4400 Vitae
505 4364 519 4400 6
540 4349 634 4400 6611166
653 4349 804 4400 Η61161666
824 4349 908 4400 166116
930 4349 1041 4416 „DecIj“
1063 4351 1102 4417 (p.
1122 4347 1188 4415 869)
1215 4351 1364 4402 inscientia
1383 4350 1528 4418 scriptoris

248 4438 412 4507 explicatur,
434 4440 480 4506 qui
499 4438 533 4490 D.
552 4453 602 4506 pro
624 4437 760 4504 ,Decius“
780 4439 903 4506 positum
924 4453 985 4490 csse
1005 4439 1162 4490 somniavit.

352 4529 376 4593 ·)
404 4527 433 4581 L.
453 4527 471 4579 l.
490 4545 519 4596 p.
537 4526 589 4579 868
609 4531 637 4579 61
655 4525 715 4579 869.
