3456 5064
858 380 899 438 12

768 465 980 472 ——-—.

234 590 374 668 „poetae
398 583 605 651 doctissimi“
635 605 751 651 nomen
777 588 944 668 acceperit
961 584 993 670 ¹),
1025 589 1106 654 illud
1131 590 1225 654 nobis
1248 591 1513 672 probatissimum

234 701 309 783 erit,
344 701 444 766 etiam
478 702 518 766 de
553 701 626 768 vita
659 722 781 785 eorum,
815 703 849 768 in
883 724 1018 785 quorum
1048 705 1167 771 studiis
1197 709 1406 790 versabatur,
1442 727 1514 773 eum

234 819 453 900 cognitionem
493 818 695 884 subtiliorem
730 839 747 883 e
780 819 946 900 primariis
980 821 1126 888 fontibus
1162 824 1315 888 haustam
1351 824 1514 889 habuisse.

233 932 385 1016 Accedit,
408 933 493 1013 qnod
510 933 632 1013 duplex
649 936 823 1000 satirarum
842 937 1001 1020 recensio,
1021 957 1157 1018 quarum
1175 939 1315 1004 alteram
1333 939 1514 1004 christiano

234 1051 361 1116 cuidam
386 1049 509 1115 homini
533 1057 633 1131 atque
658 1051 885 1118 ecclesiastico
910 1053 1075 1136 debemus,
1102 1055 1189 1119 circa
1206 1056 1373 1120 saeculum
1389 1057 1441 1123 VI
1462 1058 1515 1122 vel

234 1167 306 1235 VH
322 1167 455 1232 exstitit
465 1162 504 1248 ²),
530 1187 626 1248 quam
652 1169 775 1233 obrem
794 1170 1093 1250 probabilissimum
1110 1171 1203 1236 nobis
1220 1171 1362 1253 videtur,
1389 1172 1515 1252 Apolli-

235 1304 358 1364 narem,
377 1303 439 1365 quo
457 1291 604 1366 tempore
621 1304 721 1366 opera
737 1305 796 1350 sua
813 1285 983 1368 scriberet,
1002 1307 1073 1352 cum
1091 1287 1320 1367 antiquissimo
1338 1288 1515 1354 satirarum

234 1400 347 1466 codice
371 1401 471 1465 etiam
502 1401 763 1466 vetustissimam
795 1401 973 1468 Juvenalis
1001 1404 1114 1482 vitam,
1147 1423 1230 1483 quae
1254 1405 1514 1484 corruptelarum

233 1516 288 1582 vel
312 1515 612 1582 additamentorum
646 1518 804 1598 temporis
828 1519 1021 1599 posterioris
1044 1521 1118 1586 labe
1147 1532 1278 1586 careret
1313 1522 1354 1587 ad
1384 1540 1515 1586 inanum

233 1634 356 1714 habere
382 1632 540 1714 potuisse.
589 1632 683 1718 Quod
710 1633 737 1698 si
763 1635 960 1718 consideres,
990 1635 1068 1716 quid
1098 1643 1150 1702 est
1177 1656 1235 1701 cur
1263 1637 1334 1702 fieri
1367 1639 1515 1719 potuisse

233 1767 345 1831 neges
381 1752 419 1813 ut
454 1747 671 1832 Apollinaris
705 1749 760 1830 qui
795 1756 923 1816 tantum
961 1752 1154 1834 diligentiae
1193 1758 1228 1817 et
1267 1753 1438 1820 doctrinae
1474 1756 1516 1820 ad

235 1864 408 1930 historiam
442 1871 656 1946 veterumque
680 1872 850 1931 auctorum
876 1868 1001 1948 scripta
1036 1867 1255 1952 adhiberet³)‚
1291 1870 1513 1935 testimonium

238 1982 278 2046 de
304 1982 472 2047 Juvenale
497 1982 597 2065 „irati
620 1981 792 2049 histrionis
825 1981 952 2066 exule“,
987 2005 1028 2049 ex
1058 1985 1119 2050 hoc
1152 1985 1381 2065 antiquissimo
1407 2007 1514 2052 rerum

235 2097 535 2164 Juvenalianarum
569 2098 661 2164 fonte
693 2098 802 2179 potius
834 2118 930 2180 qnam
960 2120 980 2165 a
1006 2100 1138 2166 fabellis
1172 2099 1308 2166 falsisve
1332 2101 1515 2168 rumoribus

234 2220 451 2280 mutuaretur.

343 2330 518 2413 Septimum
541 2331 838 2397 Juvenalianarnm
870 2352 978 2397 rernm
1009 2334 1129 2418 forchem
1157 2334 1279 2400 Snidae
1310 2344 1343 2401 ct
1369 2334 1517 2402 Malalae

234 2442 436 2530 debemus⁴).
484 2447 548 2532 Qui
573 2454 692 2530 tamen,
718 2455 756 2513 ut
779 2448 883 2530 inepti
909 2451 1150 2534 compilatores,
1180 2451 1307 2534 indigni
1332 2459 1416 2533 sunt,
1448 2453 1517 2534 qui·

234 2565 295 2629 bus
318 2564 419 2629 ullam
442 2563 536 2630 fidem
562 2566 739 2631 babeamus
749 2561 785 2648 ⁵).

342 2679 407 2746 Sed
430 2681 511 2746 haec
536 2681 665 2761 quidem
690 2683 857 2748 hactenus.
904 2683 1001 2748 Nunc
1026 2684 1067 2750 ad
1084 2685 1233 2765 singulas
1254 2685 1293 2750 de
1311 2685 1384 2752 vita
1399 2692 1516 2767 poetae

234 2797 444 2878 quaestiones
468 2798 710 2863 adumbrandas
735 2799 938 2865 accedamus

236 2979 557 2986 ———-———

343 3083 365 3148 ¹)
394 3083 656 3153 Teuffel-Schwabe,
682 3083 847 3136 Gesclrichte
873 3085 897 3136 d.
922 3085 1053 3136 rbmisch.
1073 3085 1184 3136 Literat.
1230 3084 1255 3136 4.
1278 3085 1348 3136 111111.
1397 3087 1516 3154 Leipzig,

235 3172 303 3226 1882
323 3176 337 3237 §
356 3171 407 3224 467
427 3189 491 3225 ann.
510 3173 526 3224 3
547 3179 575 3225 et
592 3173 617 3224 8.

341 3262 365 3331 ²)
383 3253 543 3331 Hermann,
563 3264 648 3332 praef.
669 3263 711 3314 ed.
731 3263 884 3330 luvenalis,
902 3281 929 3333 p.
949 3264 1021 3315 XIX.

342 3349 366 3417 3)
395 3351 478 3421 sehr,
498 3351 597 3404 Gesoh.
618 3353 642 3404 d.
662 3353 793 3404 rdmisch.
813 3354 896 3405 Liter.
933 3352 958 3404 4.
978 3353 1050 3404 Anss.
1090 3351 1247 3420 Oarlsrnhe,
1270 3351 1345 3420 1868,
1365 3353 1384 3420 1,
1404 3369 1429 3421 p.
1448 3352 1516 3422 4713

234 3441 269 3510 11,
288 3458 313 3510 p.
334 3440 394 3492 641.
414 3472 448 3480 —
468 3441 730 3511 Teuffel-Schwabe,
749 3443 814 3496 ibid.

323 3528 365 3602 ¹⁴)
392 3531 417 3582 J.
436 3531 561 3600 Malalas,
582 3531 811 3601 chronographia
830 3549 865 3584 ex
884 3548 938 3584 rec.
958 3533 986 3584 L.
1006 3531 1151 3599 Dindorfii,
1175 3533 1203 3582 in
1224 3547 1306 3600 opere
1327 3531 1401 3599 quod
1418 3532 1515 3582 inscri-

234 3620 310 3671 bitur
331 3619 456 3689 ,Oorpns
477 3623 644 3690 scriptorum
664 3621 798 3674 historiae
824 3621 1001 3689 Byzantinae,
1026 3622 1151 3687 Bompae,
1176 3619 1260 3687 1831,
1288 3620 1335 3671 lih.
1355 3620 1388 3688 X,
1407 3637 1434 3688 p.
1454 3617 1515 3673 263.

235 3739 269 3747 -
289 3709 397 3778 Snidas,
416 3711 539 3762 Lexicon
558 3727 656 3780 graece
677 3715 704 3764 et
723 3712 817 3779 latine,
836 3711 923 3780 Halis,
942 3711 1020 3780 1843,
1040 3711 1060 3779 1,
1079 3728 1105 3779 p.
1125 3709 1195 3762 1003
1216 3726 1256 3778 sq.

342 3799 365 3868 ⁵)
394 3799 579 3872 Synnerberg,
598 3818 625 3874 p.
644 3801 759 3856 41-43,
797 3801 904 3869 Straclr,
923 3818 946 3870 p.
968 3801 1010 3851 21.
